2891 4421
1404 526 30 67 7

372 563 1014 100 sition laisse quelques troupes sur

1419 574 1003 103 mais avec si peu de succès que M.

372 641 1021 92 la rive gauche du Golo et va s’éta¬

1423 644 996 96 de Vaux, instruit de ce qui se pas¬

379 718 1003 81 blir lui-même sur la rive droite,

1423 725 1003 89 sait, envoya le général d’Escoulou¬

383 788 999 81 dans sa piève natale, le Rostino.

1423 795 1007 85 bre avec ordre de faire prendre les

387 858 995 81 Tous ses efforts vont se concentrer

1427 865 995 81 armes à toutes les troupes. Grena¬

383 935 1003 74 dans la défense du passage du Go¬

1423 935 992 74 diers et chasseurs de Champagne,

376 1002 1014 81 lo à Pontenôvu. Deux points lui

1430 1002 992 70 Régiment de Marine et Légion de

1427 1064 999 74 Soubise se précipitèrent de Lento

372 1079 1010 70 paraissent devoir être sérieusement

376 1142 1003 84 protégés: Lento et Canavaggia.

1427 1134 995 74 et Canavaggia sur Costa et Ponte¬

368 1201 1025 92 Mais Gaffori chargé d’occuper le

1427 1204 999 74 nôvu. Le choc fut formidable et

365 1282 1021 81 premier d’où l’on pouvait couper

1423 1274 999 78 sanglant. Des hauteurs de Bigorno

1419 1348 1003 70 et de Lento la grosse artillerie

376 1355 1003 74 toute retraite éventuelle de l’enne¬

376 1422 999 84 mi ne s’acquitta point de sa mis¬

1419 1418 1007 74 française canonnait les miliciens

379 1499 1003 74 sion; d’autre part le 7 mai Canavag-

1416 1481 1003 84 corses. Ceux-ci firent des prodiges

1419 1554 996 81 de valeur: le brave capitaine Pelo¬

365 1565 1010 81 gia fut pris par les Français. Les

1416 1624 1003 74 ne se signala par son héroïsme. Il

368 1635 1011 74 miliciens corses massés à Pontenô¬

379 1709 1000 74 vu ignoraient ces deux évènements.

1419 1698 1003 74 fallut reculer devant le nombre. En

372 1775 1007 78 Surexcités et aiguillonnés par le bruit

1427 1764 992 74 vain le capitaine Orsone Tavera, de

1419 1831 996 81 Bocognano, se battant comme un

372 1849 1003 81 des fusillades d’avant-garde qui

1412 1904 999 81 lion, tentait d’empêcher la panique :

368 1919 1003 81 troublaient les alentours des Coste-

368 1989 1011 74 re, ils avaient hâte d’attaquer l’en¬

1404 1978 1018 77 les miliciens se retirèrent, tachant

372 2063 1010 73 nemi. Paoli, posté sur le plateau

1419 2044 996 81 de gagner le pont pour passer sur

376 2133 1017 77 de Rescamone, d’où il dominait la

1404 2114 1011 81 la rive droite. Mais là, un autre ob¬

372 2199 1007 77 vallée de Ponte-Novu, avait donné

1416 2210 1006 63 stacle se dressa devant eux : les

357 2269 1033 88 à Grimaldi l’ordre de préparer l’at-

1416 2258 995 92 mercenaires de Gentile, interprê¬

376 2343 1006 77 taque pour la journée du 8 mai,

1404 2335 996 89 tant, mal les ordres reçus, leur in¬

372 2413 1018 70 entre 8 et 9 heures du soir. Il avait

1404 2405 1003 74 terdirent l’entrée du pont. Pris en¬

376 2483 1010 73 fait passer sur la rive gauche pres¬

1401 2475 1014 78 tre le feu des Français et celui des

372 2553 1018 73 que tous les miliciens qui étaient

1404 2545 1011 81 Prussiens, les Corses furent lamen¬

372 2623 1014 77 sur la rive droite et fait garder sur

1408 2612 1003 73 tablement massacrés. Le valeureux

368 2689 1014 81 la gauche l’entrée du pont génois

1404 2685 1011 70 fils de Bachiolo Ornano criait en

376 2766 1003 74 par un corps de mercenaires suis¬

1408 2755 999 74 mourant: « Fate fuoco contro i Vit-

368 2833 1018 92 ses et prussiens que commandait

1416 2825 991 85 toli, che ci tradiscono. » Une épou¬

372 2899 996 74 Gentile, avec la consigne d’inter¬

1416 2892 991 77 vantable mêlée ensanglanta le pont;

376 2969 988 81 dire l’accès du pont aux fuyards.

1412 2965 1003 70 des centaines de Corses tombèrent

427 3046 944 70 Grimaldi paraît ne pas avoir exé¬

1412 3035 992 78 dans le Golo dont les eaux impé¬

376 3113 999 73 cuté strictement le plan du Gé¬

1416 3109 999 74 tueuses grossies par la fonte des

372 3179 996 74 néral. Il ordonna l’attaque à deux

1412 3175 988 74 neiges restèrent longtemps rouges.

376 3245 988 85 heures de l’après-midi, c’est-à-dire

1412 3242 992 73 Durant une partie de la nuit de pe¬

372 3315 1014 89 beaucoup plus tôt que ne le vou¬

1412 3304 995 92 tits combats furent livrés dans les

376 3385 1010 78 lait Paoli. Les Corses sortis de leurs

1397 3378 1003 85 alentours du pont: mais les Fran¬

361 3455 1010 78 retranchements se dirigèrent vers

1412 3452 992 81 çais ne le franchirent pas (8 et 9

372 3529 1014 74 les hauteurs de Lento, dans l’espoir

1401 3529 332 74 mai 1769).

368 3595 1000 85 d’atteindre le col de Tenda et de

1467 3588 933 85 Le courage des Corses à la jour¬

365 3669 1003 74 couper les communications de l’en¬

1408 3658 996 81 née de Pontenôvu émut l’Europe,

357 3721 1025 106 nemi. Les Vittoli placés en avant

1404 3728 1000 85 entière d’admiration. On connait

361 3791 1021 132 du camp français soutinrent le choc,

1404 3787 1000 114 la belle page de Voltaire et son mot
