2981 4461
1451 583 86 101 20

543 646 2002 130 Nous avons cru devoir joindre à cette anthologie la lettre de notre

468 739 2085 86 ami Pierre Bonardi dont l’attachement à la Corse reste si vif malgré le

468 799 931 93 tourbillon de sa vie parisienne.

528 836 2013 108 Cette lettre contient non seulement la déclaration de la foi ardente

472 918 2073 100 qui anime Pierre Bonardi mais aussi un conseil précieux que les or¬

465 977 990 93 ganisateurs ont décidé de suivre :

521 1026 2028 122 Monsieur Pierre Bonardi, délégué général pour Paris à monsieur Pierre Rocra, premier Di

450 1111 874 93 recteurdu Partitu Côrsu d’Azione.

1417 1159 562 116 Mon cher Pierre,

580 1260 1965 115 Voici la très humble offrande de l’exilé, pour la commémoration

446 1353 1072 93 des héros de l’indépendance corse.

576 1423 1962 97 Il faut que nos ancêtres tombés aux champs sanglants de Ponte-No¬

457 1498 2081 93 vu reprennent dans le cœur de nos frères et dans leur esprit la plus

450 1561 2088 115 grande place. Il faut qu’ils soient dignement évoqués et orgueilleuse-

450 1646 2088 97 ment. Mon désir le plus cher est d’être près de vous, lorsque vous fixe-

457 1717 2081 93 rez sur l’écume du Golo la pierre du Souvenir. Le fleuve a connu la

450 1788 2084 85 saveur du sang des sacrifiés et ce sang est celui-là même que nos vei¬

454 1862 2084 85 nes charrient. Fraternité des hommes et des choses ! Ce monument

442 1921 2084 97 dans le Golo sera comme un sceau dans nos artères et sur notre cœur !

573 2003 1965 93 Ah ! qu’il soit simple et digne ! Fuyez la marchandise des imagiers

446 2063 2080 100 vils et ne donnez point à ce sublime souvenir une forme ridicule. Je

450 2148 2076 86 ne connais pas d’artiste, au surplus, qui ne frémirait d’impuissance à

450 2211 1727 101 l’idée de placer son œuvre dans un cadre aussi farouche.

569 2289 1961 86 La nature, dans l’Ile de beauté, ne s’accommode guère des petites

450 2360 2076 97 productions humaines. Elle est grandiose ! Ne la troublez donc point

450 2420 2080 111 par de vaines recherches. Une pierre ou une croix. Une phrase et

446 2494 1325 111 une date. Rien ne peut-être plus émouvant.

1745 2483 610 189 Pierre Bonardi.

926 2791 1143 108 Composition du Comité.

517 2925 982 89 Président M. Pierre Rocca, che-

1510 2921 1009 82 Corse »; Abbé Carlotti, curé de Mu-

450 2981 1020 89 valier de la Légion d’honneur, di-

1510 2985 1009 85 racciole ; Docteur Chiappini, con¬

439 3044 643 86 recteur de A Muvra.

1507 3044 1016 78 seiller général de Vico; Costa no-

521 3092 960 97 Vice-présidents : .M M. Orsini

1503 3100 1020 82 taire, maire de Cognocoli; Eugène

457 3159 1005 90 d’Ampugnani, chevalier de la Lé¬

1507 3159 1012 82 Grimaldi ; Docteur Pierre Lucchi¬

457 3230 1013 89 gion d'honneur; de Susini, direc¬

1503 3223 1009 78 ni, chevalier de la Légion d’hon¬

454 3289 833 86 teur de La Nouvelle Corse.

1507 3275 1008 89 neur; S. Luciani; A. Marchetti, ré-

517 3345 960 82 Trésorier : M. Graziani archiviste.

1507 3342 1005 78 dacteur en chef de la « Corse Nou-

461 3416 852 78 départemental de la Corse.

1507 3386 1012 97 velle » : Mariani; Nicolaï; Rossi;

502 3457 968 93 Secrétre. Dominique Massa (Kyrn)

1510 3457 1009 78 Joseph Santini, Directeur de La

513 3527 960 86 Membres : M. M. Angeli Marco ;

1510 3509 920 137 Sentinelle ; Versini (Maistmale).

450 3572 1038 115 Bianchi, directeur de « La Patrie

960 3706 1042 119 Aiacciu, Stamparia di A Muvra
