2983 4477
563 977 1901 157 Pontenôvu, 9 Maghiu 1769

548 1272 971 86 En élevant une croix sur le champ

485 1343 1030 85 de bataille de Pontenôvu, la Corse

485 1413 1041 90 d’aujourd’hui acquitte simplement

485 1492 1030 86 une dette sacrée envers la mémoire

489 1563 1023 82 des héros qui les 8 et 9 mai 1769,

489 1626 1019 90 tombèrent dans cette âpre vallée

492 1712 1012 75 pour la patrie et la liberté. Ponte-

492 1783 1016 74 nôvu marque une date fulgurante

485 1854 1019 78 et d’une immense portée dans no¬

481 1921 1027 82 tre histoire nationale : elle est exac¬

485 1995 1015 79 tement située au point de rencon¬

492 2070 1012 78 tre d’un lointain passé, lourd de ty¬

489 2137 1023 82 rannie et d’oppression, puis suivi

489 2212 1034 75 d’une période de relèvement et

485 2283 1019 78 d’espoirs incalculables et d’un ave¬

481 2350 1023 78 nir difficile, agité, dont il est déli¬

481 2439 1027 71 cat de déterminer les conséquences.

489 2503 1026 78 C’est une rupture dans l’évolution

485 2574 1027 82 régulière et la vie historique de la

481 2645 1031 78 Corse, un brisement de ses destinées

489 2719 1026 75 normales. Je vais m’efforcer de le

489 2790 1023 79 montrer ici en étudiant tour à tour

477 2857 1027 82 et brièvement d’abord les circons¬

481 2928 1016 82 tances qui aboutirent à la bataille,

489 3007 1023 78 puis la bataille elle-même, enfin sa

485 3074 743 93 signification et sa portée.

589 3204 840 82 1— Avant Pontenôvu

545 3298 963 78 La Corse, au sortir de la sombre

481 3368 1016 83 nuit du haut moyen-âge, de la pé¬

481 3439 1016 75 riode des invasions barbares et sar¬

481 3510 1031 86 rasines, commence enfin de respi¬

474 3574 1075 97 rer, puis éprouve un soulagement

481 3656 1023 89 véritable grâce à la douce domina¬

481 3712 1016 104 tion toscane et plus particulière-

481 3790 1064 97 ment pisane qui lui fait connaitre les

1534 1264 1038 112 bienfaits de la civilisation romane,

1549 1365 1019 78 et l’imprègne longuement d’une

1538 1425 1034 97 « italianité » qui du reste se con¬

1549 1499 1023 86 ciliera parfaitement avec son origi¬

1556 1570 1020 93 nalité insulaire. Mais Pise voit sa

1549 1649 1023 85 puissance s’écrouler sous les coups

1553 1723 1023 78 de sa rivale, la commerçante et

1553 1790 1019 86 superbe République de Gênes :

1549 1869 1027 74 celle-ci, maitresse de la Corse, con¬

1534 1932 1034 90 sidère sa nouvelle possession com¬

1549 2007 1015 82 me une colonie, une terre à forêts,

1549 2074 1023 82 qui lui permettra d’entretenir et

1541 2152 1023 79 d’accroitre sa formidable flotte. Cer¬

1538 2219 1019 82 tes à un moment donné, au XIVe

1549 2287 1012 85 siècle, quand la démocratie triom¬

1549 2361 1019 82 phe à Gènes, le peuple corse, qui

1545 2432 1016 75 a repoussé le joug de ses féodaux,

1549 2507 1023 74 se donne d’un libre consentement

1538 2574 1019 74 à Gênes. Mais cette volontaire union

1538 2641 1041 89 dure peu et pour près de quatre

1538 2712 1030 86 siècles l’île retombe sous l’oppres¬

1549 2786 1015 86 sion de l’avide commune ligurien¬

1545 2857 1016 86 ne. En vain pour s'en débarrasser

1545 2924 1027 83 fait-elle appel au concours de sou¬

1545 2999 1023 86 verains étrangers, auxquels s’allient

1545 3066 1016 94 de grands seigneurs patriotes : l’A¬

1549 3141 1012 82 ragon comme la France ne s’éta¬

1549 3208 1015 78 blissent que pour très peu de temps

1545 3286 1019 82 en Corse, car l’île leur paraît de

1549 3357 1019 82 rapport modique et ils ne voient en

1545 3428 1019 75 elle qu’une position stratégique, de

1530 3495 1031 79 premier ordre évidemment, mais

1538 3577 1026 71 qui pourrait être pour eux une

1545 3637 1016 75 source d’interminables conflits. Peut-

1538 3708 825 75 être attendent-ils leur heure.

1590 3775 971 112 C’est au XVIIIe siècle que le
