<?xml version="1.0" encoding="UTF-8"?>
<alto xmlns:xsi="http://www.w3.org/2001/XMLSchema-instance"
      xmlns="http://www.loc.gov/standards/alto/ns-v4#"
      xsi:schemaLocation="http://www.loc.gov/standards/alto/ns-v4# http://www.loc.gov/standards/alto/v4/alto-4-2.xsd">
  <Description>
    <MeasurementUnit>pixel</MeasurementUnit>
    <sourceImageInformation>
      <fileName>10_c9b09_default.jpg</fileName>
      
    </sourceImageInformation>
  </Description>
  
  <Layout>
    <Page WIDTH="2859"
          HEIGHT="4419"
          PHYSICAL_IMG_NR="36"
          ID="eSc_dummypage_">
      <PrintSpace HPOS="0"
                  VPOS="0"
                  WIDTH="2859"
                  HEIGHT="4419">
        
        <TextBlock HPOS="308.0"
                   VPOS="650.0"
                   WIDTH="1047.0"
                   HEIGHT="3309.0"
                   ID="eSc_textblock_6be60b43"
                   TAGREFS="BT">
          <Shape><Polygon POINTS="308 650 318 3959 1339 3950 1355 654"/></Shape>
          
          
          <TextLine ID="eSc_line_d5080b3e"
                    
                    BASELINE="320 692 1347 695" 
                    HPOS="313.0"
                    VPOS="600.0"
                    WIDTH="1031.0"
                    HEIGHT="114.0">
            <Shape><Polygon POINTS="316 688 313 626 512 600 515 600 519 600 571 618 600 629 755 629 806 611 847 600 851 600 854 600 858 600 891 611 943 626 987 607 998 603 1002 603 1005 603 1009 603 1013 603 1013 607 1038 626 1127 603 1134 603 1138 603 1142 603 1215 626 1341 600 1344 692 1341 703 313 714"/></Shape>
	    <String CONTENT="peuple corse las d’espérer en un"
                    HPOS="313.0"
                    VPOS="600.0"
                    WIDTH="1031.0"
                    HEIGHT="114.0"></String>
          </TextLine>

          
          
          <TextLine ID="eSc_line_9735fff4"
                    
                    BASELINE="324 762 1326 769" 
                    HPOS="316.0"
                    VPOS="695.0"
                    WIDTH="1006.0"
                    HEIGHT="89.0">
            <Shape><Polygon POINTS="320 758 320 695 1318 703 1322 765 1318 784 316 784"/></Shape>
	    <String CONTENT="illusoire secours venu soit de l’é¬"
                    HPOS="316.0"
                    VPOS="695.0"
                    WIDTH="1006.0"
                    HEIGHT="89.0"></String>
          </TextLine>

          
          
          <TextLine ID="eSc_line_0ee259e9"
                    
                    BASELINE="324 828 1337 839" 
                    HPOS="313.0"
                    VPOS="758.0"
                    WIDTH="1020.0"
                    HEIGHT="103.0">
            <Shape><Polygon POINTS="320 824 316 762 1326 758 1333 835 1326 861 313 843"/></Shape>
	    <String CONTENT="tranger soit de la péninsule italienne"
                    HPOS="313.0"
                    VPOS="758.0"
                    WIDTH="1020.0"
                    HEIGHT="103.0"></String>
          </TextLine>

          
          
          <TextLine ID="eSc_line_b0b155ed"
                    
                    BASELINE="324 902 1337 909" 
                    HPOS="313.0"
                    VPOS="854.0"
                    WIDTH="1020.0"
                    HEIGHT="77.0">
            <Shape><Polygon POINTS="320 898 320 854 1333 854 1333 905 1326 931 313 913"/></Shape>
	    <String CONTENT="qui est elle même, sauf le Piemont"
                    HPOS="313.0"
                    VPOS="854.0"
                    WIDTH="1020.0"
                    HEIGHT="77.0"></String>
          </TextLine>

          
          
          <TextLine ID="eSc_line_d93c4262"
                    
                    BASELINE="324 972 1341 979" 
                    HPOS="316.0"
                    VPOS="924.0"
                    WIDTH="1021.0"
                    HEIGHT="70.0">
            <Shape><Polygon POINTS="320 968 320 924 1337 924 1337 975 1333 994 316 994"/></Shape>
	    <String CONTENT="et Rome, aux mains de l&#39;étranger"
                    HPOS="316.0"
                    VPOS="924.0"
                    WIDTH="1021.0"
                    HEIGHT="70.0"></String>
          </TextLine>

          
          
          <TextLine ID="eSc_line_5f8f5788"
                    
                    BASELINE="336 1056 1337 1058" 
                    HPOS="331.0"
                    VPOS="979.0"
                    WIDTH="1002.0"
                    HEIGHT="88.0">
            <Shape><Polygon POINTS="335 1053 335 979 1330 983 1333 1056 1330 1067 331 1067"/></Shape>
	    <String CONTENT="s’en remet enfin à sa propre initia¬"
                    HPOS="331.0"
                    VPOS="979.0"
                    WIDTH="1002.0"
                    HEIGHT="88.0"></String>
          </TextLine>

          
          
          <TextLine ID="eSc_line_195768cd"
                    
                    BASELINE="324 1119 1345 1119" 
                    HPOS="316.0"
                    VPOS="1082.0"
                    WIDTH="1028.0"
                    HEIGHT="52.0">
            <Shape><Polygon POINTS="320 1115 316 1090 1341 1082 1344 1115 1344 1134 320 1134"/></Shape>
	    <String CONTENT="tive et à sa propre énergie pour"
                    HPOS="316.0"
                    VPOS="1082.0"
                    WIDTH="1028.0"
                    HEIGHT="52.0"></String>
          </TextLine>

          
          
          <TextLine ID="eSc_line_a0c4b12d"
                    
                    BASELINE="320 1182 1341 1189" 
                    HPOS="313.0"
                    VPOS="1134.0"
                    WIDTH="1024.0"
                    HEIGHT="73.0">
            <Shape><Polygon POINTS="316 1178 316 1134 1333 1137 1337 1185 1333 1204 313 1207"/></Shape>
	    <String CONTENT="secouer l’insupportable domination"
                    HPOS="313.0"
                    VPOS="1134.0"
                    WIDTH="1024.0"
                    HEIGHT="73.0"></String>
          </TextLine>

          
          
          <TextLine ID="eSc_line_aba84912"
                    
                    BASELINE="324 1259 1337 1259" 
                    HPOS="320.0"
                    VPOS="1211.0"
                    WIDTH="1013.0"
                    HEIGHT="74.0">
            <Shape><Polygon POINTS="320 1255 320 1211 1333 1215 1333 1255 1333 1274 320 1285"/></Shape>
	    <String CONTENT="génoise. A maintes reprises l’Em¬"
                    HPOS="320.0"
                    VPOS="1211.0"
                    WIDTH="1013.0"
                    HEIGHT="74.0"></String>
          </TextLine>

          
          
          <TextLine ID="eSc_line_a1445631"
                    
                    BASELINE="318 1333 1338 1349" 
                    HPOS="313.0"
                    VPOS="1259.0"
                    WIDTH="1024.0"
                    HEIGHT="103.0">
            <Shape><Polygon POINTS="316 1329 316 1259 1337 1259 1337 1347 1330 1362 313 1340"/></Shape>
	    <String CONTENT="pire germanique et la monarchie"
                    HPOS="313.0"
                    VPOS="1259.0"
                    WIDTH="1024.0"
                    HEIGHT="103.0"></String>
          </TextLine>

          
          
          <TextLine ID="eSc_line_b0660919"
                    
                    BASELINE="324 1399 1337 1416" 
                    HPOS="316.0"
                    VPOS="1325.0"
                    WIDTH="1017.0"
                    HEIGHT="96.0">
            <Shape><Polygon POINTS="320 1395 320 1325 1330 1333 1333 1414 1326 1421 316 1406"/></Shape>
	    <String CONTENT="française viennent à la rescousse"
                    HPOS="316.0"
                    VPOS="1325.0"
                    WIDTH="1017.0"
                    HEIGHT="96.0"></String>
          </TextLine>

          
          
          <TextLine ID="eSc_line_8f65efa2"
                    
                    BASELINE="324 1461 1333 1467" 
                    HPOS="316.0"
                    VPOS="1414.0"
                    WIDTH="1014.0"
                    HEIGHT="73.0">
            <Shape><Polygon POINTS="320 1458 320 1414 1326 1425 1330 1465 1326 1487 316 1487"/></Shape>
	    <String CONTENT="de Gênes; les généraux de Louis XV"
                    HPOS="316.0"
                    VPOS="1414.0"
                    WIDTH="1014.0"
                    HEIGHT="73.0"></String>
          </TextLine>

          
          
          <TextLine ID="eSc_line_88c47775"
                    
                    BASELINE="324 1531 1341 1539" 
                    HPOS="313.0"
                    VPOS="1484.0"
                    WIDTH="1024.0"
                    HEIGHT="77.0">
            <Shape><Polygon POINTS="320 1528 320 1484 1333 1487 1337 1535 1330 1561 313 1554"/></Shape>
	    <String CONTENT="n&#39;ont qu’un but : pacifier l’île pour"
                    HPOS="313.0"
                    VPOS="1484.0"
                    WIDTH="1024.0"
                    HEIGHT="77.0"></String>
          </TextLine>

          
          
          <TextLine ID="eSc_line_4d6ec6bf"
                    
                    BASELINE="320 1609 1344 1609" 
                    HPOS="313.0"
                    VPOS="1565.0"
                    WIDTH="1028.0"
                    HEIGHT="62.0">
            <Shape><Polygon POINTS="316 1605 316 1565 1341 1565 1341 1605 1337 1627 313 1623"/></Shape>
	    <String CONTENT="la remettre aux gouverneurs de la"
                    HPOS="313.0"
                    VPOS="1565.0"
                    WIDTH="1028.0"
                    HEIGHT="62.0"></String>
          </TextLine>

          
          
          <TextLine ID="eSc_line_7a61f70b"
                    
                    BASELINE="320 1679 1342 1679" 
                    HPOS="313.0"
                    VPOS="1638.0"
                    WIDTH="1028.0"
                    HEIGHT="66.0">
            <Shape><Polygon POINTS="316 1675 313 1642 1337 1638 1341 1675 1341 1697 316 1704"/></Shape>
	    <String CONTENT="Sérénissime. Un instant les Corses"
                    HPOS="313.0"
                    VPOS="1638.0"
                    WIDTH="1028.0"
                    HEIGHT="66.0"></String>
          </TextLine>

          
          
          <TextLine ID="eSc_line_4206abed"
                    
                    BASELINE="318 1747 1330 1755" 
                    HPOS="313.0"
                    VPOS="1679.0"
                    WIDTH="1013.0"
                    HEIGHT="92.0">
            <Shape><Polygon POINTS="316 1745 316 1679 1322 1679 1326 1752 1322 1763 313 1771"/></Shape>
	    <String CONTENT="ont une joie : le marquis de Cur¬"
                    HPOS="313.0"
                    VPOS="1679.0"
                    WIDTH="1013.0"
                    HEIGHT="92.0"></String>
          </TextLine>

          
          
          <TextLine ID="eSc_line_96e4b842"
                    
                    BASELINE="324 1822 1344 1819" 
                    HPOS="316.0"
                    VPOS="1771.0"
                    WIDTH="1025.0"
                    HEIGHT="70.0">
            <Shape><Polygon POINTS="320 1819 316 1771 1333 1771 1341 1815 1337 1833 320 1841"/></Shape>
	    <String CONTENT="say, chef habile et administrateur"
                    HPOS="316.0"
                    VPOS="1771.0"
                    WIDTH="1025.0"
                    HEIGHT="70.0"></String>
          </TextLine>

          
          
          <TextLine ID="eSc_line_e1bbbded"
                    
                    BASELINE="320 1892 1337 1892" 
                    HPOS="316.0"
                    VPOS="1848.0"
                    WIDTH="1017.0"
                    HEIGHT="63.0">
            <Shape><Polygon POINTS="316 1889 316 1848 1333 1848 1333 1889 1333 1907 316 1911"/></Shape>
	    <String CONTENT="éclairé, a su conquérir leur sympa¬"
                    HPOS="316.0"
                    VPOS="1848.0"
                    WIDTH="1017.0"
                    HEIGHT="63.0"></String>
          </TextLine>

          
          
          <TextLine ID="eSc_line_d06eb2f3"
                    
                    BASELINE="335 1962 1339 1959" 
                    HPOS="327.0"
                    VPOS="1911.0"
                    WIDTH="1010.0"
                    HEIGHT="77.0">
            <Shape><Polygon POINTS="331 1959 327 1911 1330 1911 1337 1955 1330 1988 327 1984"/></Shape>
	    <String CONTENT="thie; il a préparé aussi les voies à"
                    HPOS="327.0"
                    VPOS="1911.0"
                    WIDTH="1010.0"
                    HEIGHT="77.0"></String>
          </TextLine>

          
          
          <TextLine ID="eSc_line_9e79c19e"
                    
                    BASELINE="324 2032 1341 2029" 
                    HPOS="313.0"
                    VPOS="1981.0"
                    WIDTH="1024.0"
                    HEIGHT="70.0">
            <Shape><Polygon POINTS="320 2029 313 1984 1326 1981 1337 2025 1333 2047 320 2051"/></Shape>
	    <String CONTENT="un établissement français accepta¬"
                    HPOS="313.0"
                    VPOS="1981.0"
                    WIDTH="1024.0"
                    HEIGHT="70.0"></String>
          </TextLine>

          
          
          <TextLine ID="eSc_line_4c308d52"
                    
                    BASELINE="324 2102 1344 2102" 
                    HPOS="320.0"
                    VPOS="2054.0"
                    WIDTH="1021.0"
                    HEIGHT="70.0">
            <Shape><Polygon POINTS="320 2099 320 2054 1341 2054 1341 2099 1341 2124 320 2124"/></Shape>
	    <String CONTENT="ble. Malheureusement, il est dénon¬"
                    HPOS="320.0"
                    VPOS="2054.0"
                    WIDTH="1021.0"
                    HEIGHT="70.0"></String>
          </TextLine>

          
          
          <TextLine ID="eSc_line_cb9d8544"
                    
                    BASELINE="324 2176 1330 2182" 
                    HPOS="313.0"
                    VPOS="2102.0"
                    WIDTH="1013.0"
                    HEIGHT="96.0">
            <Shape><Polygon POINTS="320 2172 316 2106 1318 2102 1326 2180 1318 2198 313 2194"/></Shape>
	    <String CONTENT="cé par les Génois, désavoué par sa"
                    HPOS="313.0"
                    VPOS="2102.0"
                    WIDTH="1013.0"
                    HEIGHT="96.0"></String>
          </TextLine>

          
          
          <TextLine ID="eSc_line_791c4caf"
                    
                    BASELINE="324 2242 1081 2251" 
                    HPOS="313.0"
                    VPOS="2176.0"
                    WIDTH="766.0"
                    HEIGHT="85.0">
            <Shape><Polygon POINTS="320 2238 320 2176 1075 2183 1079 2250 1072 2261 313 2253"/></Shape>
	    <String CONTENT="Cour et rappelé en France."
                    HPOS="313.0"
                    VPOS="2176.0"
                    WIDTH="766.0"
                    HEIGHT="85.0"></String>
          </TextLine>

          
          
          <TextLine ID="eSc_line_f9cca401"
                    
                    BASELINE="379 2312 1332 2319" 
                    HPOS="368.0"
                    VPOS="2238.0"
                    WIDTH="962.0"
                    HEIGHT="93.0">
            <Shape><Polygon POINTS="375 2308 372 2242 1322 2238 1330 2316 1322 2331 368 2327"/></Shape>
	    <String CONTENT="Sous la vigoureuse impulsion de"
                    HPOS="368.0"
                    VPOS="2238.0"
                    WIDTH="962.0"
                    HEIGHT="93.0"></String>
          </TextLine>

          
          
          <TextLine ID="eSc_line_9cc3574e"
                    
                    BASELINE="316 2375 1341 2382" 
                    HPOS="298.0"
                    VPOS="2327.0"
                    WIDTH="1039.0"
                    HEIGHT="81.0">
            <Shape><Polygon POINTS="313 2371 313 2327 1333 2331 1337 2378 1333 2404 338 2408 335 2408 335 2408 331 2408 331 2408 331 2408 327 2408 327 2408 298 2386"/></Shape>
	    <String CONTENT="Gaffori et de ceux qui, après son"
                    HPOS="298.0"
                    VPOS="2327.0"
                    WIDTH="1039.0"
                    HEIGHT="81.0"></String>
          </TextLine>

          
          
          <TextLine ID="eSc_line_cfbd2b57"
                    
                    BASELINE="324 2452 1337 2448" 
                    HPOS="313.0"
                    VPOS="2400.0"
                    WIDTH="1020.0"
                    HEIGHT="74.0">
            <Shape><Polygon POINTS="320 2448 313 2404 1322 2400 1333 2445 1326 2474 316 2470"/></Shape>
	    <String CONTENT="assassinat, lui succèdent, le peuple"
                    HPOS="313.0"
                    VPOS="2400.0"
                    WIDTH="1020.0"
                    HEIGHT="74.0"></String>
          </TextLine>

          
          
          <TextLine ID="eSc_line_07852321"
                    
                    BASELINE="320 2515 1341 2522" 
                    HPOS="309.0"
                    VPOS="2467.0"
                    WIDTH="1028.0"
                    HEIGHT="70.0">
            <Shape><Polygon POINTS="316 2511 316 2467 1337 2467 1337 2518 1330 2537 309 2529"/></Shape>
	    <String CONTENT="Corse a pris une conscience très"
                    HPOS="309.0"
                    VPOS="2467.0"
                    WIDTH="1028.0"
                    HEIGHT="70.0"></String>
          </TextLine>

          
          
          <TextLine ID="eSc_line_60abfa1b"
                    
                    BASELINE="320 2596 1337 2588" 
                    HPOS="309.0"
                    VPOS="2515.0"
                    WIDTH="1024.0"
                    HEIGHT="95.0">
            <Shape><Polygon POINTS="316 2592 309 2533 1322 2515 1333 2585 1330 2607 316 2610"/></Shape>
	    <String CONTENT="nette de sa nationalité, de sa valeur"
                    HPOS="309.0"
                    VPOS="2515.0"
                    WIDTH="1024.0"
                    HEIGHT="95.0"></String>
          </TextLine>

          
          
          <TextLine ID="eSc_line_3e2ca3db"
                    
                    BASELINE="316 2655 1341 2662" 
                    HPOS="305.0"
                    VPOS="2607.0"
                    WIDTH="1032.0"
                    HEIGHT="77.0">
            <Shape><Polygon POINTS="313 2651 313 2607 1333 2618 1337 2658 1330 2684 305 2669"/></Shape>
	    <String CONTENT="et de ses droits. Pascal Paoli appelé"
                    HPOS="305.0"
                    VPOS="2607.0"
                    WIDTH="1032.0"
                    HEIGHT="77.0"></String>
          </TextLine>

          
          
          <TextLine ID="eSc_line_c99117b6"
                    
                    BASELINE="308 2747 1333 2749" 
                    HPOS="302.0"
                    VPOS="2666.0"
                    WIDTH="1028.0"
                    HEIGHT="92.0">
            <Shape><Polygon POINTS="305 2743 302 2669 1326 2666 1330 2747 1330 2754 302 2758"/></Shape>
	    <String CONTENT="au pouvoir par la grande majorité"
                    HPOS="302.0"
                    VPOS="2666.0"
                    WIDTH="1028.0"
                    HEIGHT="92.0"></String>
          </TextLine>

          
          
          <TextLine ID="eSc_line_05b56354"
                    
                    BASELINE="316 2802 1344 2802" 
                    HPOS="313.0"
                    VPOS="2754.0"
                    WIDTH="1028.0"
                    HEIGHT="70.0">
            <Shape><Polygon POINTS="313 2798 313 2754 1341 2754 1341 2798 1341 2820 313 2824"/></Shape>
	    <String CONTENT="de ses compatriotes, fonde, on peut"
                    HPOS="313.0"
                    VPOS="2754.0"
                    WIDTH="1028.0"
                    HEIGHT="70.0"></String>
          </TextLine>

          
          
          <TextLine ID="eSc_line_55b9fb1a"
                    
                    BASELINE="316 2876 1330 2868" 
                    HPOS="305.0"
                    VPOS="2820.0"
                    WIDTH="1021.0"
                    HEIGHT="70.0">
            <Shape><Polygon POINTS="313 2872 305 2839 1315 2820 1326 2864 1322 2883 313 2890"/></Shape>
	    <String CONTENT="le dire, l’Etat Corse. C’est, effecti¬"
                    HPOS="305.0"
                    VPOS="2820.0"
                    WIDTH="1021.0"
                    HEIGHT="70.0"></String>
          </TextLine>

          
          
          <TextLine ID="eSc_line_8f43316f"
                    
                    BASELINE="320 2942 1337 2942" 
                    HPOS="313.0"
                    VPOS="2894.0"
                    WIDTH="1020.0"
                    HEIGHT="74.0">
            <Shape><Polygon POINTS="316 2938 316 2894 1333 2898 1333 2938 1330 2968 313 2957"/></Shape>
	    <String CONTENT="vement, un véritable Etat: il a son"
                    HPOS="313.0"
                    VPOS="2894.0"
                    WIDTH="1020.0"
                    HEIGHT="74.0"></String>
          </TextLine>

          
          
          <TextLine ID="eSc_line_892403e4"
                    
                    BASELINE="324 3012 1337 3012" 
                    HPOS="316.0"
                    VPOS="2964.0"
                    WIDTH="1017.0"
                    HEIGHT="77.0">
            <Shape><Polygon POINTS="320 3008 316 2968 1330 2964 1333 3008 1333 3027 320 3041"/></Shape>
	    <String CONTENT="Parlement, sa Consulta, son Gou¬"
                    HPOS="316.0"
                    VPOS="2964.0"
                    WIDTH="1017.0"
                    HEIGHT="77.0"></String>
          </TextLine>

          
          
          <TextLine ID="eSc_line_cc580780"
                    
                    BASELINE="320 3082 1330 3082" 
                    HPOS="316.0"
                    VPOS="3034.0"
                    WIDTH="1010.0"
                    HEIGHT="70.0">
            <Shape><Polygon POINTS="316 3078 316 3034 1326 3034 1326 3078 1326 3100 316 3104"/></Shape>
	    <String CONTENT="vernement, son armée, sa marine,"
                    HPOS="316.0"
                    VPOS="3034.0"
                    WIDTH="1010.0"
                    HEIGHT="70.0"></String>
          </TextLine>

          
          
          <TextLine ID="eSc_line_ad626f76"
                    
                    BASELINE="316 3152 1326 3148" 
                    HPOS="309.0"
                    VPOS="3104.0"
                    WIDTH="1013.0"
                    HEIGHT="77.0">
            <Shape><Polygon POINTS="313 3148 309 3104 1315 3104 1322 3144 1318 3166 313 3181"/></Shape>
	    <String CONTENT="ses finances, ses tribunaux, son Uni¬"
                    HPOS="309.0"
                    VPOS="3104.0"
                    WIDTH="1013.0"
                    HEIGHT="77.0"></String>
          </TextLine>

          
          
          <TextLine ID="eSc_line_8926191f"
                    
                    BASELINE="327 3222 1330 3217" 
                    HPOS="320.0"
                    VPOS="3170.0"
                    WIDTH="1006.0"
                    HEIGHT="74.0">
            <Shape><Polygon POINTS="324 3218 320 3170 1318 3170 1326 3214 1322 3244 324 3244"/></Shape>
	    <String CONTENT="versité, ses archives ; il est reconnu"
                    HPOS="320.0"
                    VPOS="3170.0"
                    WIDTH="1006.0"
                    HEIGHT="74.0"></String>
          </TextLine>

          
          
          <TextLine ID="eSc_line_c7b23526"
                    
                    BASELINE="324 3295 1326 3288" 
                    HPOS="313.0"
                    VPOS="3240.0"
                    WIDTH="1009.0"
                    HEIGHT="77.0">
            <Shape><Polygon POINTS="320 3292 313 3247 1311 3240 1322 3284 1318 3303 320 3317"/></Shape>
	    <String CONTENT="par d’autres Etats, reconnu par le"
                    HPOS="313.0"
                    VPOS="3240.0"
                    WIDTH="1009.0"
                    HEIGHT="77.0"></String>
          </TextLine>

          
          
          <TextLine ID="eSc_line_47b00080"
                    
                    BASELINE="324 3358 1322 3358" 
                    HPOS="320.0"
                    VPOS="3317.0"
                    WIDTH="998.0"
                    HEIGHT="70.0">
            <Shape><Polygon POINTS="320 3354 320 3317 1318 3317 1318 3354 1318 3384 320 3387"/></Shape>
	    <String CONTENT="Pape, acclamé par l’opinion publi¬"
                    HPOS="320.0"
                    VPOS="3317.0"
                    WIDTH="998.0"
                    HEIGHT="70.0"></String>
          </TextLine>

          
          
          <TextLine ID="eSc_line_934928b3"
                    
                    BASELINE="320 3432 1341 3432" 
                    HPOS="316.0"
                    VPOS="3384.0"
                    WIDTH="1021.0"
                    HEIGHT="66.0">
            <Shape><Polygon POINTS="316 3428 316 3384 1337 3384 1337 3428 1337 3446 316 3450"/></Shape>
	    <String CONTENT="que cultivée en Italie, en France, en"
                    HPOS="316.0"
                    VPOS="3384.0"
                    WIDTH="1021.0"
                    HEIGHT="66.0"></String>
          </TextLine>

          
          
          <TextLine ID="eSc_line_bf305f07"
                    
                    BASELINE="324 3502 1326 3498" 
                    HPOS="313.0"
                    VPOS="3457.0"
                    WIDTH="1009.0"
                    HEIGHT="63.0">
            <Shape><Polygon POINTS="320 3498 313 3461 1311 3457 1322 3494 1318 3516 320 3520"/></Shape>
	    <String CONTENT="Angleterre, en Hollande, en Prus¬"
                    HPOS="313.0"
                    VPOS="3457.0"
                    WIDTH="1009.0"
                    HEIGHT="63.0"></String>
          </TextLine>

          
          
          <TextLine ID="eSc_line_40176ed8"
                    
                    BASELINE="320 3568 1332 3568" 
                    HPOS="316.0"
                    VPOS="3520.0"
                    WIDTH="1014.0"
                    HEIGHT="85.0">
            <Shape><Polygon POINTS="316 3564 316 3520 1330 3524 1330 3564 1330 3605 316 3605"/></Shape>
	    <String CONTENT="se et jusqu’en Russie. Le Bey de"
                    HPOS="316.0"
                    VPOS="3520.0"
                    WIDTH="1014.0"
                    HEIGHT="85.0"></String>
          </TextLine>

          
          
          <TextLine ID="eSc_line_6b072b14"
                    
                    BASELINE="324 3645 1322 3638" 
                    HPOS="313.0"
                    VPOS="3590.0"
                    WIDTH="1005.0"
                    HEIGHT="74.0">
            <Shape><Polygon POINTS="320 3641 313 3597 1307 3590 1318 3634 1311 3664 316 3656"/></Shape>
	    <String CONTENT="Tunis lui envoie une ambassade."
                    HPOS="313.0"
                    VPOS="3590.0"
                    WIDTH="1005.0"
                    HEIGHT="74.0"></String>
          </TextLine>

          
          
          <TextLine ID="eSc_line_5c5e6bc8"
                    
                    BASELINE="372 3711 1330 3708" 
                    HPOS="361.0"
                    VPOS="3664.0"
                    WIDTH="965.0"
                    HEIGHT="62.0">
            <Shape><Polygon POINTS="368 3708 361 3667 1315 3664 1326 3704 1322 3723 368 3726"/></Shape>
	    <String CONTENT="Sauf le royaume de Sardaigne et"
                    HPOS="361.0"
                    VPOS="3664.0"
                    WIDTH="965.0"
                    HEIGHT="62.0"></String>
          </TextLine>

          
          
          <TextLine ID="eSc_line_79a5cf81"
                    
                    BASELINE="316 3781 1326 3778" 
                    HPOS="305.0"
                    VPOS="3734.0"
                    WIDTH="1017.0"
                    HEIGHT="62.0">
            <Shape><Polygon POINTS="313 3778 305 3737 1311 3734 1322 3774 1318 3792 313 3796"/></Shape>
	    <String CONTENT="les Etats Romains, toute l’Italie"
                    HPOS="305.0"
                    VPOS="3734.0"
                    WIDTH="1017.0"
                    HEIGHT="62.0"></String>
          </TextLine>

          
          
          <TextLine ID="eSc_line_822afacd"
                    
                    BASELINE="320 3855 1326 3848" 
                    HPOS="313.0"
                    VPOS="3800.0"
                    WIDTH="1009.0"
                    HEIGHT="77.0">
            <Shape><Polygon POINTS="316 3851 313 3800 1315 3800 1322 3844 1315 3877 313 3873"/></Shape>
	    <String CONTENT="appartient alors à des maitres d&#39;ori¬"
                    HPOS="313.0"
                    VPOS="3800.0"
                    WIDTH="1009.0"
                    HEIGHT="77.0"></String>
          </TextLine>

          
          
          <TextLine ID="eSc_line_9a8fafa6"
                    
                    BASELINE="316 3925 1327 3918" 
                    HPOS="309.0"
                    VPOS="3855.0"
                    WIDTH="1017.0"
                    HEIGHT="133.0">
            <Shape><Polygon POINTS="313 3921 309 3855 1318 3862 1326 3914 1322 3980 1064 3966 1042 3977 1035 3984 1031 3984 1031 3984 1031 3984 1027 3984 1027 3984 1027 3984 1024 3984 862 3977 744 3969 722 3973 655 3988 655 3988 655 3988 652 3988 652 3988 556 3969 537 3969 526 3969 423 3988 423 3988 420 3988 420 3988 420 3988 309 3966"/></Shape>
	    <String CONTENT="gine étrangère ; un vent de libéra¬"
                    HPOS="309.0"
                    VPOS="3855.0"
                    WIDTH="1017.0"
                    HEIGHT="133.0"></String>
          </TextLine>

          
        </TextBlock>
        
        <TextBlock HPOS="1355.0"
                   VPOS="646.0"
                   WIDTH="1054.0"
                   HEIGHT="3301.0"
                   ID="eSc_textblock_3c936c67"
                   TAGREFS="BT">
          <Shape><Polygon POINTS="1379 646 1355 3947 2381 3943 2409 646"/></Shape>
          
          
          <TextLine ID="eSc_line_ad99121b"
                    
                    BASELINE="1386 696 2398 699" 
                    HPOS="1385.0"
                    VPOS="655.0"
                    WIDTH="1009.0"
                    HEIGHT="74.0">
            <Shape><Polygon POINTS="1385 695 1385 655 2394 655 2394 695 2394 729 1385 729"/></Shape>
	    <String CONTENT="lisme souffle à travers la pé¬"
                    HPOS="1385.0"
                    VPOS="655.0"
                    WIDTH="1009.0"
                    HEIGHT="74.0"></String>
          </TextLine>

          
          
          <TextLine ID="eSc_line_8812fab8"
                    
                    BASELINE="1381 773 2391 765" 
                    HPOS="1370.0"
                    VPOS="721.0"
                    WIDTH="1017.0"
                    HEIGHT="74.0">
            <Shape><Polygon POINTS="1377 769 1370 729 2376 721 2387 762 2380 795 1374 788"/></Shape>
	    <String CONTENT="ninsule, de Naples à Florence, à"
                    HPOS="1370.0"
                    VPOS="721.0"
                    WIDTH="1017.0"
                    HEIGHT="74.0"></String>
          </TextLine>

          
          
          <TextLine ID="eSc_line_4e599f13"
                    
                    BASELINE="1385 843 2387 835" 
                    HPOS="1377.0"
                    VPOS="795.0"
                    WIDTH="1006.0"
                    HEIGHT="66.0">
            <Shape><Polygon POINTS="1381 839 1377 795 2376 795 2383 832 2376 861 1377 858"/></Shape>
	    <String CONTENT="Milan et Turin. L&#39;homme qui a fon¬"
                    HPOS="1377.0"
                    VPOS="795.0"
                    WIDTH="1006.0"
                    HEIGHT="66.0"></String>
          </TextLine>

          
          
          <TextLine ID="eSc_line_171fc811"
                    
                    BASELINE="1374 905 2398 913" 
                    HPOS="1363.0"
                    VPOS="858.0"
                    WIDTH="1031.0"
                    HEIGHT="77.0">
            <Shape><Polygon POINTS="1370 902 1370 858 2391 861 2394 909 2387 935 1363 927"/></Shape>
	    <String CONTENT="dé sur une terre italienne un Etat libre"
                    HPOS="1363.0"
                    VPOS="858.0"
                    WIDTH="1031.0"
                    HEIGHT="77.0"></String>
          </TextLine>

          
          
          <TextLine ID="eSc_line_0119ac3e"
                    
                    BASELINE="1370 975 2394 979" 
                    HPOS="1359.0"
                    VPOS="927.0"
                    WIDTH="1032.0"
                    HEIGHT="78.0">
            <Shape><Polygon POINTS="1366 972 1366 927 2387 927 2391 975 2383 1005 1359 990"/></Shape>
	    <String CONTENT="où les citoyens se gouvernent eux-"
                    HPOS="1359.0"
                    VPOS="927.0"
                    WIDTH="1032.0"
                    HEIGHT="78.0"></String>
          </TextLine>

          
          
          <TextLine ID="eSc_line_29e8a82e"
                    
                    BASELINE="1374 1045 2394 1049" 
                    HPOS="1366.0"
                    VPOS="997.0"
                    WIDTH="1025.0"
                    HEIGHT="70.0">
            <Shape><Polygon POINTS="1370 1042 1370 997 2387 1005 2391 1045 2387 1067 1366 1067"/></Shape>
	    <String CONTENT="mêmes, cet homme, Pasquale de Pao¬"
                    HPOS="1366.0"
                    VPOS="997.0"
                    WIDTH="1025.0"
                    HEIGHT="70.0"></String>
          </TextLine>

          
          
          <TextLine ID="eSc_line_aa4d21a6"
                    
                    BASELINE="1378 1119 2391 1119" 
                    HPOS="1374.0"
                    VPOS="1071.0"
                    WIDTH="1013.0"
                    HEIGHT="70.0">
            <Shape><Polygon POINTS="1377 1115 1374 1075 2383 1071 2387 1115 2387 1141 1377 1141"/></Shape>
	    <String CONTENT="li, incarne aux yeux de tout"
                    HPOS="1374.0"
                    VPOS="1071.0"
                    WIDTH="1013.0"
                    HEIGHT="70.0"></String>
          </TextLine>

          
          
          <TextLine ID="eSc_line_367152dc"
                    
                    BASELINE="1374 1185 2383 1193" 
                    HPOS="1363.0"
                    VPOS="1137.0"
                    WIDTH="1017.0"
                    HEIGHT="67.0">
            <Shape><Polygon POINTS="1370 1182 1370 1137 2380 1137 2380 1189 2372 1204 1363 1200"/></Shape>
	    <String CONTENT="ce qui pense en Italie, aux yeux"
                    HPOS="1363.0"
                    VPOS="1137.0"
                    WIDTH="1017.0"
                    HEIGHT="67.0"></String>
          </TextLine>

          
          
          <TextLine ID="eSc_line_0dde8e90"
                    
                    BASELINE="1381 1259 2380 1259" 
                    HPOS="1374.0"
                    VPOS="1211.0"
                    WIDTH="1002.0"
                    HEIGHT="74.0">
            <Shape><Polygon POINTS="1377 1255 1374 1215 2372 1211 2376 1255 2376 1285 1377 1285"/></Shape>
	    <String CONTENT="de Galiani, d’Alfieri, de Cocchi, des"
                    HPOS="1374.0"
                    VPOS="1211.0"
                    WIDTH="1002.0"
                    HEIGHT="74.0"></String>
          </TextLine>

          
          
          <TextLine ID="eSc_line_627701a7"
                    
                    BASELINE="1385 1333 2383 1325" 
                    HPOS="1374.0"
                    VPOS="1277.0"
                    WIDTH="1006.0"
                    HEIGHT="70.0">
            <Shape><Polygon POINTS="1381 1329 1374 1292 2368 1277 2380 1322 2376 1344 1381 1347"/></Shape>
	    <String CONTENT="Verri, de Pignotti, etc.., l&#39;indépen¬"
                    HPOS="1374.0"
                    VPOS="1277.0"
                    WIDTH="1006.0"
                    HEIGHT="70.0"></String>
          </TextLine>

          
          
          <TextLine ID="eSc_line_94e0e368"
                    
                    BASELINE="1370 1399 2394 1399" 
                    HPOS="1366.0"
                    VPOS="1358.0"
                    WIDTH="1025.0"
                    HEIGHT="59.0">
            <Shape><Polygon POINTS="1366 1395 1366 1358 2391 1358 2391 1395 2391 1417 1366 1417"/></Shape>
	    <String CONTENT="ce, la liberté, la patrie italienne."
                    HPOS="1366.0"
                    VPOS="1358.0"
                    WIDTH="1025.0"
                    HEIGHT="59.0"></String>
          </TextLine>

          
          
          <TextLine ID="eSc_line_d52610aa"
                    
                    BASELINE="1391 1467 2391 1473" 
                    HPOS="1381.0"
                    VPOS="1421.0"
                    WIDTH="1006.0"
                    HEIGHT="66.0">
            <Shape><Polygon POINTS="1388 1465 1385 1425 2383 1421 2387 1473 2380 1487 1381 1484"/></Shape>
	    <String CONTENT="De nouveaux horizons s’entrevoient"
                    HPOS="1381.0"
                    VPOS="1421.0"
                    WIDTH="1006.0"
                    HEIGHT="66.0"></String>
          </TextLine>

          
          
          <TextLine ID="eSc_line_4449975e"
                    
                    BASELINE="1381 1542 2383 1535" 
                    HPOS="1370.0"
                    VPOS="1491.0"
                    WIDTH="1010.0"
                    HEIGHT="70.0">
            <Shape><Polygon POINTS="1377 1539 1370 1495 2368 1491 2380 1531 2372 1561 1374 1557"/></Shape>
	    <String CONTENT="dans le lointain du ciel italien."
                    HPOS="1370.0"
                    VPOS="1491.0"
                    WIDTH="1010.0"
                    HEIGHT="70.0"></String>
          </TextLine>

          
          
          <TextLine ID="eSc_line_550a3a34"
                    
                    BASELINE="1377 1612 2387 1605" 
                    HPOS="1366.0"
                    VPOS="1561.0"
                    WIDTH="1017.0"
                    HEIGHT="70.0">
            <Shape><Polygon POINTS="1374 1609 1366 1568 2372 1561 2383 1601 2380 1623 1374 1631"/></Shape>
	    <String CONTENT="L&#39;Europe entière a les yeux tournés"
                    HPOS="1366.0"
                    VPOS="1561.0"
                    WIDTH="1017.0"
                    HEIGHT="70.0"></String>
          </TextLine>

          
          
          <TextLine ID="eSc_line_8f90b642"
                    
                    BASELINE="1383 1679 2394 1679" 
                    HPOS="1381.0"
                    VPOS="1631.0"
                    WIDTH="1010.0"
                    HEIGHT="77.0">
            <Shape><Polygon POINTS="1381 1675 1381 1631 2391 1631 2391 1675 2391 1697 1381 1708"/></Shape>
	    <String CONTENT="vers la jeune nation et, au premier"
                    HPOS="1381.0"
                    VPOS="1631.0"
                    WIDTH="1010.0"
                    HEIGHT="77.0"></String>
          </TextLine>

          
          
          <TextLine ID="eSc_line_1c53ccf0"
                    
                    BASELINE="1376 1772 2373 1752" 
                    HPOS="1363.0"
                    VPOS="1675.0"
                    WIDTH="1009.0"
                    HEIGHT="103.0">
            <Shape><Polygon POINTS="1374 1771 1363 1697 2361 1675 2372 1749 2368 1767 1374 1778"/></Shape>
	    <String CONTENT="rang, les J. J. Rousseau et les Vol¬"
                    HPOS="1363.0"
                    VPOS="1675.0"
                    WIDTH="1009.0"
                    HEIGHT="103.0"></String>
          </TextLine>

          
          
          <TextLine ID="eSc_line_c54d3326"
                    
                    BASELINE="1370 1822 2376 1811" 
                    HPOS="1359.0"
                    VPOS="1763.0"
                    WIDTH="1013.0"
                    HEIGHT="89.0">
            <Shape><Polygon POINTS="1366 1819 1359 1767 2361 1763 2372 1808 2368 1837 1366 1852"/></Shape>
	    <String CONTENT="taire s’inclinent avec admiration de¬"
                    HPOS="1359.0"
                    VPOS="1763.0"
                    WIDTH="1013.0"
                    HEIGHT="89.0"></String>
          </TextLine>

          
          
          <TextLine ID="eSc_line_3586cd19"
                    
                    BASELINE="1370 1889 2383 1885" 
                    HPOS="1359.0"
                    VPOS="1837.0"
                    WIDTH="1021.0"
                    HEIGHT="77.0">
            <Shape><Polygon POINTS="1366 1885 1359 1844 2368 1837 2380 1881 2376 1903 1366 1914"/></Shape>
	    <String CONTENT="vant l’organisateur d’un peuple li¬"
                    HPOS="1359.0"
                    VPOS="1837.0"
                    WIDTH="1021.0"
                    HEIGHT="77.0"></String>
          </TextLine>

          
          
          <TextLine ID="eSc_line_190db3fa"
                    
                    BASELINE="1383 1958 2372 1955" 
                    HPOS="1374.0"
                    VPOS="1907.0"
                    WIDTH="994.0"
                    HEIGHT="81.0">
            <Shape><Polygon POINTS="1381 1955 1374 1914 2357 1907 2368 1951 2365 1988 1381 1988"/></Shape>
	    <String CONTENT="bre. La Corse a conquis, durement,"
                    HPOS="1374.0"
                    VPOS="1907.0"
                    WIDTH="994.0"
                    HEIGHT="81.0"></String>
          </TextLine>

          
          
          <TextLine ID="eSc_line_e58fac5d"
                    
                    BASELINE="1363 2032 2383 2025" 
                    HPOS="1352.0"
                    VPOS="1977.0"
                    WIDTH="1028.0"
                    HEIGHT="85.0">
            <Shape><Polygon POINTS="1359 2029 1352 1988 2368 1977 2380 2021 2380 2047 1359 2062"/></Shape>
	    <String CONTENT="reconnaissons-le, le droit d’assurer"
                    HPOS="1352.0"
                    VPOS="1977.0"
                    WIDTH="1028.0"
                    HEIGHT="85.0"></String>
          </TextLine>

          
          
          <TextLine ID="eSc_line_63cf3d3c"
                    
                    BASELINE="1363 2102 2074 2095" 
                    HPOS="1352.0"
                    VPOS="2047.0"
                    WIDTH="718.0"
                    HEIGHT="85.0">
            <Shape><Polygon POINTS="1359 2099 1352 2054 2059 2047 2070 2091 2070 2117 1359 2132"/></Shape>
	    <String CONTENT="elle-même ses destinées."
                    HPOS="1352.0"
                    VPOS="2047.0"
                    WIDTH="718.0"
                    HEIGHT="85.0"></String>
          </TextLine>

          
          
          <TextLine ID="eSc_line_5c14eb7e"
                    
                    BASELINE="1433 2168 2380 2161" 
                    HPOS="1425.0"
                    VPOS="2113.0"
                    WIDTH="951.0"
                    HEIGHT="74.0">
            <Shape><Polygon POINTS="1429 2165 1425 2113 2368 2113 2376 2157 2376 2180 1429 2187"/></Shape>
	    <String CONTENT="C’est ce moment que choisit pour"
                    HPOS="1425.0"
                    VPOS="2113.0"
                    WIDTH="951.0"
                    HEIGHT="74.0"></String>
          </TextLine>

          
          
          <TextLine ID="eSc_line_f98c3bc8"
                    
                    BASELINE="1370 2242 2372 2235" 
                    HPOS="1359.0"
                    VPOS="2187.0"
                    WIDTH="1009.0"
                    HEIGHT="77.0">
            <Shape><Polygon POINTS="1366 2238 1359 2202 2357 2187 2368 2231 2361 2264 1363 2261"/></Shape>
	    <String CONTENT="intervenir la Cour de Versailles :"
                    HPOS="1359.0"
                    VPOS="2187.0"
                    WIDTH="1009.0"
                    HEIGHT="77.0"></String>
          </TextLine>

          
          
          <TextLine ID="eSc_line_16f56725"
                    
                    BASELINE="1363 2312 2376 2312" 
                    HPOS="1359.0"
                    VPOS="2268.0"
                    WIDTH="1013.0"
                    HEIGHT="63.0">
            <Shape><Polygon POINTS="1359 2308 1359 2268 2372 2268 2372 2308 2372 2331 1359 2331"/></Shape>
	    <String CONTENT="après des tentatives modérées, sans"
                    HPOS="1359.0"
                    VPOS="2268.0"
                    WIDTH="1013.0"
                    HEIGHT="63.0"></String>
          </TextLine>

          
          
          <TextLine ID="eSc_line_20ffd1cc"
                    
                    BASELINE="1370 2378 2368 2371" 
                    HPOS="1359.0"
                    VPOS="2323.0"
                    WIDTH="1006.0"
                    HEIGHT="92.0">
            <Shape><Polygon POINTS="1366 2375 1359 2327 2354 2323 2365 2367 2361 2393 1366 2415"/></Shape>
	    <String CONTENT="excès apparent, d&#39;établissement par¬"
                    HPOS="1359.0"
                    VPOS="2323.0"
                    WIDTH="1006.0"
                    HEIGHT="92.0"></String>
          </TextLine>

          
          
          <TextLine ID="eSc_line_18a9a947"
                    
                    BASELINE="1363 2469 2370 2465" 
                    HPOS="1344.0"
                    VPOS="2382.0"
                    WIDTH="1024.0"
                    HEIGHT="103.0">
            <Shape><Polygon POINTS="1359 2467 1344 2404 1374 2382 1374 2382 1377 2382 1377 2382 1377 2382 1381 2382 1381 2382 1385 2382 2361 2393 2368 2463 2365 2474 1359 2485"/></Shape>
	    <String CONTENT="tiel, en 1756 et 1764 ; après une"
                    HPOS="1344.0"
                    VPOS="2382.0"
                    WIDTH="1024.0"
                    HEIGHT="103.0"></String>
          </TextLine>

          
          
          <TextLine ID="eSc_line_4e4dd983"
                    
                    BASELINE="1363 2522 2372 2515" 
                    HPOS="1352.0"
                    VPOS="2467.0"
                    WIDTH="1016.0"
                    HEIGHT="84.0">
            <Shape><Polygon POINTS="1359 2518 1352 2474 2357 2467 2368 2511 2365 2533 1359 2551"/></Shape>
	    <String CONTENT="longue suite de pourparlers entre"
                    HPOS="1352.0"
                    VPOS="2467.0"
                    WIDTH="1016.0"
                    HEIGHT="84.0"></String>
          </TextLine>

          
          
          <TextLine ID="eSc_line_48912083"
                    
                    BASELINE="1366 2592 2372 2585" 
                    HPOS="1355.0"
                    VPOS="2540.0"
                    WIDTH="1013.0"
                    HEIGHT="67.0">
            <Shape><Polygon POINTS="1363 2588 1355 2548 2357 2540 2368 2581 2365 2603 1363 2607"/></Shape>
	    <String CONTENT="Choiseul et Paoli, le ministre de"
                    HPOS="1355.0"
                    VPOS="2540.0"
                    WIDTH="1013.0"
                    HEIGHT="67.0"></String>
          </TextLine>

          
          
          <TextLine ID="eSc_line_5eb34233"
                    
                    BASELINE="1363 2662 2361 2651" 
                    HPOS="1352.0"
                    VPOS="2603.0"
                    WIDTH="1005.0"
                    HEIGHT="88.0">
            <Shape><Polygon POINTS="1359 2658 1352 2607 2346 2603 2357 2647 2350 2684 2022 2669 1945 2688 1945 2688 1941 2688 1941 2688 1937 2688 1930 2688 1687 2673 1359 2691"/></Shape>
	    <String CONTENT="Louis XV démasque enfin ses"
                    HPOS="1352.0"
                    VPOS="2603.0"
                    WIDTH="1005.0"
                    HEIGHT="88.0"></String>
          </TextLine>

          
          
          <TextLine ID="eSc_line_f9ce9cca"
                    
                    BASELINE="1366 2732 2372 2725" 
                    HPOS="1355.0"
                    VPOS="2677.0"
                    WIDTH="1013.0"
                    HEIGHT="70.0">
            <Shape><Polygon POINTS="1363 2728 1355 2688 2357 2677 2368 2721 2365 2739 1363 2747"/></Shape>
	    <String CONTENT="batteries: il veut Bastia, Saint-"
                    HPOS="1355.0"
                    VPOS="2677.0"
                    WIDTH="1013.0"
                    HEIGHT="70.0"></String>
          </TextLine>

          
          
          <TextLine ID="eSc_line_89267a80"
                    
                    BASELINE="1363 2802 2368 2795" 
                    HPOS="1352.0"
                    VPOS="2750.0"
                    WIDTH="1013.0"
                    HEIGHT="70.0">
            <Shape><Polygon POINTS="1359 2798 1352 2754 2354 2750 2365 2791 2361 2813 1359 2820"/></Shape>
	    <String CONTENT="Florent et le Cap pour prix de l’in¬"
                    HPOS="1352.0"
                    VPOS="2750.0"
                    WIDTH="1013.0"
                    HEIGHT="70.0"></String>
          </TextLine>

          
          
          <TextLine ID="eSc_line_60301054"
                    
                    BASELINE="1363 2872 2365 2872" 
                    HPOS="1355.0"
                    VPOS="2824.0"
                    WIDTH="1006.0"
                    HEIGHT="81.0">
            <Shape><Polygon POINTS="1359 2868 1355 2828 2357 2824 2361 2868 2361 2905 1359 2905"/></Shape>
	    <String CONTENT="dépendance du reste de l&#39;île. Paoli,"
                    HPOS="1355.0"
                    VPOS="2824.0"
                    WIDTH="1006.0"
                    HEIGHT="81.0"></String>
          </TextLine>

          
          
          <TextLine ID="eSc_line_2378b115"
                    
                    BASELINE="1363 2942 2357 2931" 
                    HPOS="1352.0"
                    VPOS="2887.0"
                    WIDTH="1002.0"
                    HEIGHT="77.0">
            <Shape><Polygon POINTS="1359 2938 1352 2894 2343 2887 2354 2927 2346 2964 1355 2960"/></Shape>
	    <String CONTENT="l&#39;indigné refuse. Choiseul alors n&#39;hé¬"
                    HPOS="1352.0"
                    VPOS="2887.0"
                    WIDTH="1002.0"
                    HEIGHT="77.0"></String>
          </TextLine>

          
          
          <TextLine ID="eSc_line_7917cfcd"
                    
                    BASELINE="1363 3012 2368 3004" 
                    HPOS="1355.0"
                    VPOS="2957.0"
                    WIDTH="1010.0"
                    HEIGHT="73.0">
            <Shape><Polygon POINTS="1359 3008 1355 2957 2357 2957 2365 3001 2365 3030 1359 3030"/></Shape>
	    <String CONTENT="site plus: il traite directement avec"
                    HPOS="1355.0"
                    VPOS="2957.0"
                    WIDTH="1010.0"
                    HEIGHT="73.0"></String>
          </TextLine>

          
          
          <TextLine ID="eSc_line_89d72365"
                    
                    BASELINE="1366 3082 2365 3074" 
                    HPOS="1355.0"
                    VPOS="3030.0"
                    WIDTH="1006.0"
                    HEIGHT="78.0">
            <Shape><Polygon POINTS="1363 3078 1355 3038 2350 3030 2361 3071 2357 3096 1363 3108"/></Shape>
	    <String CONTENT="Gênes qui vend la Corse à la Fran¬"
                    HPOS="1355.0"
                    VPOS="3030.0"
                    WIDTH="1006.0"
                    HEIGHT="78.0"></String>
          </TextLine>

          
          
          <TextLine ID="eSc_line_9360e957"
                    
                    BASELINE="1359 3152 2357 3141" 
                    HPOS="1348.0"
                    VPOS="3093.0"
                    WIDTH="1006.0"
                    HEIGHT="99.0">
            <Shape><Polygon POINTS="1355 3148 1348 3104 2343 3093 2354 3137 2350 3163 2018 3185 2015 3185 1867 3177 1687 3170 1650 3185 1639 3189 1639 3189 1635 3189 1635 3189 1635 3189 1632 3189 1584 3185 1411 3174 1359 3192"/></Shape>
	    <String CONTENT="ce, laquelle versera à la République"
                    HPOS="1348.0"
                    VPOS="3093.0"
                    WIDTH="1006.0"
                    HEIGHT="99.0"></String>
          </TextLine>

          
          
          <TextLine ID="eSc_line_cfe0ab4d"
                    
                    BASELINE="1368 3216 2361 3211" 
                    HPOS="1359.0"
                    VPOS="3163.0"
                    WIDTH="998.0"
                    HEIGHT="84.0">
            <Shape><Polygon POINTS="1366 3214 1359 3170 2346 3163 2357 3207 2354 3240 1366 3247"/></Shape>
	    <String CONTENT="pendant 10 ans un subside annuel"
                    HPOS="1359.0"
                    VPOS="3163.0"
                    WIDTH="998.0"
                    HEIGHT="84.0"></String>
          </TextLine>

          
          
          <TextLine ID="eSc_line_204664c7"
                    
                    BASELINE="1363 3292 2365 3284" 
                    HPOS="1352.0"
                    VPOS="3236.0"
                    WIDTH="1009.0"
                    HEIGHT="78.0">
            <Shape><Polygon POINTS="1359 3288 1352 3244 2350 3236 2361 3281 2357 3314 1359 3314"/></Shape>
	    <String CONTENT="de deux cent mille livres. Gênes se"
                    HPOS="1352.0"
                    VPOS="3236.0"
                    WIDTH="1009.0"
                    HEIGHT="78.0"></String>
          </TextLine>

          
          
          <TextLine ID="eSc_line_8fce5a5d"
                    
                    BASELINE="1363 3362 2361 3351" 
                    HPOS="1352.0"
                    VPOS="3303.0"
                    WIDTH="1005.0"
                    HEIGHT="77.0">
            <Shape><Polygon POINTS="1359 3358 1352 3314 2346 3303 2357 3347 2354 3369 1359 3380"/></Shape>
	    <String CONTENT="réservait le droit de rentrer en pos¬"
                    HPOS="1352.0"
                    VPOS="3303.0"
                    WIDTH="1005.0"
                    HEIGHT="77.0"></String>
          </TextLine>

          
          
          <TextLine ID="eSc_line_4f9bb26c"
                    
                    BASELINE="1363 3432 2365 3421" 
                    HPOS="1352.0"
                    VPOS="3373.0"
                    WIDTH="1009.0"
                    HEIGHT="73.0">
            <Shape><Polygon POINTS="1359 3428 1352 3380 2350 3373 2361 3417 2361 3439 1359 3446"/></Shape>
	    <String CONTENT="session de l’île en remboursant tous"
                    HPOS="1352.0"
                    VPOS="3373.0"
                    WIDTH="1009.0"
                    HEIGHT="73.0"></String>
          </TextLine>

          
          
          <TextLine ID="eSc_line_0b8303d3"
                    
                    BASELINE="1366 3498 2354 3498" 
                    HPOS="1363.0"
                    VPOS="3457.0"
                    WIDTH="987.0"
                    HEIGHT="63.0">
            <Shape><Polygon POINTS="1363 3494 1363 3457 2350 3457 2350 3494 2350 3520 1363 3520"/></Shape>
	    <String CONTENT="les frais supportés pour la France."
                    HPOS="1363.0"
                    VPOS="3457.0"
                    WIDTH="987.0"
                    HEIGHT="63.0"></String>
          </TextLine>

          
          
          <TextLine ID="eSc_line_f78c5013"
                    
                    BASELINE="1367 3568 1826 3572" 
                    HPOS="1363.0"
                    VPOS="3520.0"
                    WIDTH="460.0"
                    HEIGHT="74.0">
            <Shape><Polygon POINTS="1366 3564 1366 3520 1820 3527 1823 3568 1820 3590 1363 3594"/></Shape>
	    <String CONTENT="(15 mai 1768.)"
                    HPOS="1363.0"
                    VPOS="3520.0"
                    WIDTH="460.0"
                    HEIGHT="74.0"></String>
          </TextLine>

          
          
          <TextLine ID="eSc_line_964205bb"
                    
                    BASELINE="1425 3641 2361 3627" 
                    HPOS="1414.0"
                    VPOS="3579.0"
                    WIDTH="943.0"
                    HEIGHT="96.0">
            <Shape><Polygon POINTS="1422 3638 1414 3594 2346 3579 2357 3623 2354 3645 1422 3675"/></Shape>
	    <String CONTENT="A cette nouvelle, l&#39;indignation de"
                    HPOS="1414.0"
                    VPOS="3579.0"
                    WIDTH="943.0"
                    HEIGHT="96.0"></String>
          </TextLine>

          
          
          <TextLine ID="eSc_line_09eadb54"
                    
                    BASELINE="1363 3711 2357 3700" 
                    HPOS="1352.0"
                    VPOS="3653.0"
                    WIDTH="1002.0"
                    HEIGHT="73.0">
            <Shape><Polygon POINTS="1359 3708 1352 3664 2343 3653 2354 3697 2350 3715 1359 3726"/></Shape>
	    <String CONTENT="Paoli éclata. « Nous sommes traités"
                    HPOS="1352.0"
                    VPOS="3653.0"
                    WIDTH="1002.0"
                    HEIGHT="73.0"></String>
          </TextLine>

          
          
          <TextLine ID="eSc_line_48788b5b"
                    
                    BASELINE="1363 3778 2357 3770" 
                    HPOS="1352.0"
                    VPOS="3723.0"
                    WIDTH="1002.0"
                    HEIGHT="88.0">
            <Shape><Polygon POINTS="1359 3774 1352 3730 2343 3723 2354 3767 2350 3789 1359 3811"/></Shape>
	    <String CONTENT="comme un troupeau de moutons"
                    HPOS="1352.0"
                    VPOS="3723.0"
                    WIDTH="1002.0"
                    HEIGHT="88.0"></String>
          </TextLine>

          
          
          <TextLine ID="eSc_line_b0086142"
                    
                    BASELINE="1355 3848 2346 3844" 
                    HPOS="1344.0"
                    VPOS="3796.0"
                    WIDTH="999.0"
                    HEIGHT="77.0">
            <Shape><Polygon POINTS="1352 3844 1344 3804 2332 3796 2343 3840 2343 3870 1352 3873"/></Shape>
	    <String CONTENT="vendus au marché » déclara-t-il."
                    HPOS="1344.0"
                    VPOS="3796.0"
                    WIDTH="999.0"
                    HEIGHT="77.0"></String>
          </TextLine>

          
          
          <TextLine ID="eSc_line_9cbbc2d2"
                    
                    BASELINE="1375 3917 2350 3910" 
                    HPOS="1366.0"
                    VPOS="3862.0"
                    WIDTH="984.0"
                    HEIGHT="133.0">
            <Shape><Polygon POINTS="1374 3914 1366 3877 2335 3862 2346 3907 2350 3962 2291 3984 2291 3984 2287 3984 2287 3984 2284 3984 2284 3984 2151 3969 2129 3988 2129 3991 2129 3991 2125 3991 2125 3991 2125 3991 2122 3991 2122 3991 2122 3991 2118 3991 2118 3991 2114 3991 2114 3991 2114 3991 2070 3969 2066 3969 2048 3969 1912 3991 1912 3991 1908 3991 1908 3991 1904 3991 1842 3977 1827 3973 1820 3977 1790 3995 1786 3995 1786 3995 1783 3995 1783 3995 1783 3995 1779 3995 1779 3995 1680 3980 1624 3973 1602 3984 1573 3995 1573 3995 1569 3995 1569 3995 1569 3995 1565 3995 1565 3995 1499 3984 1422 3973 1377 3988"/></Shape>
	    <String CONTENT="Jusqu&#39;ici les rapports entre Cor¬"
                    HPOS="1366.0"
                    VPOS="3862.0"
                    WIDTH="984.0"
                    HEIGHT="133.0"></String>
          </TextLine>

          
        </TextBlock>
        

        
        <TextBlock ID="eSc_dummyblock_">
          
          
          <TextLine ID="eSc_line_04168b4a"
                    
                    BASELINE="1362 619 1368 619 1378 615 1406 613" 
                    HPOS="1355.0"
                    VPOS="533.0"
                    WIDTH="52.0"
                    HEIGHT="104.0">
            <Shape><Polygon POINTS="1359 618 1355 533 1396 548 1403 611 1407 622 1363 637"/></Shape>
	    <String CONTENT="5"
                    HPOS="1355.0"
                    VPOS="533.0"
                    WIDTH="52.0"
                    HEIGHT="104.0"></String>
          </TextLine>

          
        </TextBlock>
        
      </PrintSpace>
    </Page>
  </Layout>
</alto>
