3041 4495
468 685 1050 105 ses et Français avaient été em¬

479 764 1039 101 preints d’une correction parfaite et

479 839 1024 93 même d’une certaine sympathie.

479 910 1028 93 Les soldats et les officiers des deux

479 985 1035 93 armées n’avaient jamais eu entre

476 1052 1031 86 eux que de très courtoises relations.

487 1120 1024 93 Le traité de 1768 en dessillant les

476 1194 1031 94 veux des Corses mit fin à cette situ¬

479 1269 1032 83 ation. Désapprouvé par l’opinion,

491 1337 1027 90 publique française et italienre, il

476 1412 1031 90 souleva le juste courroux du peu¬

483 1483 1024 82 ple qu’il sacrifiait ainsi. Ce qui con¬

479 1543 1028 101 firma ces craintes, ce fut l’envoi

479 1625 1024 83 limmédiat de troupes françaises en

479 1696 1032 90 Corse. Paoli convoqua alors à Corte.

483 1771 1020 83 une consulta qui eut à se pronon¬

479 1839 1020 93 cer sur la question de la paix ou de

494 1906 1024 105 la guerre. D’ardentes discussions.

479 1985 1039 90 y mirent aux prises les partisans.

479 2056 1013 86 de l’une et de l’autre. Le P. Grimal.

479 2123 1028 102 di, professeur à l’Université de

479 2198 1020 90 Corte, prononça un magnifique dis-

487 2254 1027 94 cours en faveur de la résistance à

479 2337 1028 86 outrance; il emporta presque tous.

483 2397 1020 93 les suffrages, et ce fut aux cris de :

468 2468 1043 97 guerra, guerra ! que se sépara l’as¬

483 2543 1020 90 semblée, après avoir évoqué les

483 2614 1020 90 souvenirs de Marathon et de Pla-

483 2689 1031 94 tée. La jeunesse universitaire joi¬

487 2741 1016 120 gnit sa voix à celle des représen¬

483 2813 1028 97 tants du peuple Un étudiant, sans

487 2899 1027 90 doute Carlo Bonaparte, rédigea un

491 2974 1023 93 vibrant appel à la « Valorosa Giu-

487 3045 540 90 ventù di Corsica.

731 3150 581 101 2- La bataille

547 3236 975 116 Les hostilités ne tardèrent pas à

502 3318 1020 109 éclater. Ce fut une vraie guerre na¬

506 3382 1020 105 tionale. On se battit à Furiani, on

498 3464 1031 90 se battit à Borgo, on se battit dans

506 3539 1023 86 la Casinca. Les Vittoli qui s’étaient

502 3607 1035 101 mis au service de l’ennemi furent

498 3682 1035 90 déclarés traîtres à la patrie. Partout

498 3742 1024 104 des volontaires surgissaient, farou¬

498 3828 1039 82 ches. Après la défaite du colonel de

502 3888 1020 93 Ludre à Borgo, le 7 octobre 1768,

566 3966 971 109 uis XV eut un moment l’idée

1499 603 60 89 6

1541 704 1035 90 d’abandonner cette coûteuse et san¬

1548 771 1013 101 glante entreprise. Mais Choiseul

1544 842 1024 86 finit par l’emporter et une nouvel¬

1541 910 1031 97 le expédition, dirigée par le comte

1537 981 941 90 de Vaux, fut envoyée dans l’ile.

1601 1041 967 108 Les troupes françaises qui comp¬

1541 1127 1023 94 taient près de trente mille hommes

1533 1187 1031 94 bien armés et approvisionnés, pour¬

1541 1273 1020 94 vues d’une artillerie puissante, al¬

1529 1337 1020 93 laient affronter les miliciens corses.

1601 1408 963 101 Voici quelle était à peu près la

1533 1490 1028 83 répartition des armées en présen¬

1529 1550 1032 98 ce. Le gros des troupes royales é¬

1533 1614 1028 109 taient dans l’En-Deça des Monts.

1529 1689 1035 101 Le corps le plus nombreux occupait

1537 1756 1027 105 le Nebbio, avec quartier général à

1533 1835 1028 105 Oletta, en face de Murato, où rési¬

1533 1921 1016 86 dait Paoli et son Etat-Major. Une

1529 1985 1032 90 colonne, en Balagne, était char¬

1541 2063 1023 83 gée de surveiller la piève de Cac¬

1533 2123 1028 98 cia (Castifao) et d’empêcher les

1567 2195 994 93 Balanins de secourir le Nebbio. Mar¬

1541 2269 1020 90 beuf enfin, descendant de Bastia

1537 2344 1024 98 sur le Golo, devait rejoindre au pas-

1548 2416 1020 82 sage du fleuve, les colonnes opé¬

1541 2479 1027 101 rant dans le Nebbio. L’objectif des

1556 2558 1008 90 Français était, en somme, le passa¬

1541 2622 1027 104 ge du Golo précédant et préparant

1548 2700 1024 86 ainsi l’invasion de l’au-delà des

1552 2764 1012 97 Monts et la jonction avec Narbon¬

1548 2839 1016 93 ne qui occupait Ajaccio et ses envi¬

1548 2903 1024 108 rons immédiats. Les Nationaux cor¬

1541 2977 1031 102 ses occupaient Corte et presque

1548 3056 1020 90 tout l’au-delà, en particulier Vico,

1548 3127 1024 86 la Cinarca, Bocognano, Bastelica,

1548 3187 619 83 l’Ornano et la Rocca.

1604 3225 972 105 Dans la journée du 5 mai, Vio¬

1548 3296 1024 105 ménil à la tête de la troisième co¬

1559 3382 1009 94 lonne des troupes du Nebbio, délo¬

1541 3442 1035 109 geait Paoli et son frère Clemente

1556 3509 1012 109 de Murato, tandis qu’à l’est, Mar¬

1556 3592 1020 97 beuf s’emparait de Borgo. Le soir

1556 3659 1020 105 les troupes françaises campent sur

1559 3734 1017 101 les hauteurs de San Nicolao: elles

1556 3790 1020 116 sont maîtresses du Bevinco et de

1559 3861 1017 117 l’entrée des cols de Tenda et de

1563 3948 1013 119 Bigorno. Paoli pour assurer sa po-
