2877 4411
253.0 705.0 1016.0 88.0 saient alors volontairement et libre¬

1291.0 709.0 1019.0 88.0 à eux! Leur défaite à marqué un

246.0 771.0 1023.0 96.0 ment à la France. De nouvelles des¬

1291.0 764.0 1012.0 107.0 tournant dans l’histoire corse, a va¬

242.0 849.0 1027.0 77.0 tinées s’ouvraient devant eux; ils

1295.0 841.0 1015.0 100.0 lu à la Corse un destin nouveau et

242.0 911.0 1027.0 103.0 ont su prouver la sincérité de

1295.0 926.0 1008.0 92.0 a retardé de cent ans la libération

253.0 974.0 1008.0 106.0 leur loyalisme français en main¬

1295.0 996.0 1004.0 84.0 de l’Italie. Mais les destins sont im¬

253.0 1065.0 1005.0 81.0 tes circonstances et surtout du¬

1302.0 1058.0 1004.0 96.0 pitoyables. Quant à nous, leurs

250.0 1121.0 1008.0 95.0 rant la guerre de 1914-1918 ou qua¬

1302.0 1128.0 1001.0 99.0 descendants, il nous reste un de¬

253.0 1209.0 1012.0 77.0 rante mille des leurs tombèrent pour

1302.0 1205.0 997.0 88.0 voir: c'est celui de ne pas les ou¬

253.0 1268.0 1023.0 95.0 la défense de la France, du droit et

1291.0 1279.0 1012.0 88.0 blier, c'est celui de prier pour eux

250.0 1349.0 1030.0 77.0 de la liberté. Mais cela ne saurait

1306.0 1345.0 993.0 99.0 et avec eux, c'est celui de dresser

261.0 1418.0 1000.0 81.0 nous faire oublier le sanglant sacri¬

1306.0 1422.0 997.0 99.0 en mémoire de leur glorieux holo¬

253.0 1477.0 1016.0 99.0 fice de 1769. A cette époque aussi

1295.0 1488.0 1000.0 103.0 causte, la Croix sacrée de la piété.

250.0 1558.0 1019.0 77.0 nos pères luttaient pour le droit et

1295.0 1558.0 835.0 88.0 de l'admiration et du respect.

257.0 1617.0 1004.0 103.0 la liberté; ces héros avaient dans

253.0 1698.0 1030.0 95.0 leur âme un sublime idéal. Honneur

1710.0 1679.0 534.0 100.0 Paul Grazieni

614.0 2183.0 1332.0 232.0 In Paradisu

459.0 2731.0 1086.0 136.0 Entri, pueta di talentu e d’arte !

459.0 2837.0 1049.0 103.0 Bembinutu sii in stu rughione,

459.0 2911.0 1156.0 106.0 Di u Paradisu, e porte ti so abarte

463.0 3006.0 1082.0 100.0 Pa li to versi e pa le to canzone.

467.0 3084.0 1195.0 113.0 U cantu corsu, ognunu qui lu sente

467.0 3172.0 1092.0 99.0 E lu ripete e po l’ampar'a mente.

1673.0 2543.0 486.0 155.0 Pasquale de Paoli

1670.0 2598.0 522.0 103.0 riceve u pueta corsu

463.0 3389.0 1141.0 114.0 Entri, chi qui t’aspettanu l’antichi,

459.0 3481.0 1156.0 102.0 In brama so di sent’una paghiella,

467.0 3554.0 1067.0 103.0 Veni a bascià di Cirnea l’amichi

459.0 3642.0 1299.0 107.0 E prestu intona e cant'a « Cursichella ».

452.0 3723.0 1141.0 96.0 Di nôvu, da Corsica, chi ci porti ?

463.0 3808.0 1273.0 106.0 Tempu ormai è di drittu o pur di torti ?

1258.0 555.0 84.0 121.0 9
