2859 4419
1333 567 63 66 5

324 651 1020 59 peuple corse las d’espérer en un

324 695 998 89 illusoire secours venu soit de l’é¬

324 758 1009 107 tranger soit de la péninsule italienne

324 832 1009 99 qui est elle même, sauf le Piemont

324 902 1013 92 et Rome, aux mains de l'étranger

331 979 1002 88 s’en remet enfin à sa propre initia¬

327 1053 1014 81 tive et à sa propre énergie pour

324 1119 1013 85 secouer l’insupportable domination

327 1189 1006 96 génoise. A maintes reprises l’Em¬

324 1255 1013 107 pire germanique et la monarchie

324 1333 1009 88 française viennent à la rescousse

324 1399 1006 88 de Gênes; les généraux de Louis XV

324 1469 1013 92 n'ont qu’un but : pacifier l’île pour

327 1539 1014 96 la remettre aux gouverneurs de la

327 1609 1014 92 Sérénissime. Un instant les Corses

324 1679 1002 88 ont une joie : le marquis de Cur¬

324 1756 1017 88 say, chef habile et administrateur

327 1830 1006 81 éclairé, a su conquérir leur sympa¬

327 1911 1010 77 thie; il a préparé aussi les voies à

324 1966 1013 85 un établissement français accepta¬

327 2029 1014 95 ble. Malheureusement, il est dénon¬

324 2102 1002 96 cé par les Génois, désavoué par sa

324 2176 755 85 Cour et rappelé en France.

368 2238 962 93 Sous la vigoureuse impulsion de

320 2312 1017 96 Gaffori et de ceux qui, après son

320 2382 1013 100 assassinat, lui succèdent, le peuple

320 2456 1017 81 Corse a pris une conscience très

320 2518 1013 96 nette de sa nationalité, de sa valeur

320 2588 1017 96 et de ses droits. Pascal Paoli appelé

320 2662 1010 92 au pouvoir par la grande majorité

324 2732 1017 96 de ses compatriotes, fonde, on peut

320 2806 1006 88 le dire, l’Etat Corse. C’est, effecti¬

324 2879 1009 89 vement, un véritable Etat: il a son

324 2942 1009 99 Parlement, sa Consulta, son Gou¬

324 3012 1002 92 vernement, son armée, sa marine,

320 3089 1002 81 ses finances, ses tribunaux, son Uni¬

320 3170 1006 74 versité, ses archives ; il est reconnu

320 3222 1002 103 par d’autres Etats, reconnu par le

324 3288 994 99 Pape, acclamé par l’opinion publi¬

324 3369 1013 96 que cultivée en Italie, en France, en

320 3435 1002 85 Angleterre, en Hollande, en Prus¬

324 3498 1006 107 se et jusqu’en Russie. Le Bey de

320 3579 998 88 Tunis lui envoie une ambassade.

361 3664 965 62 Sauf le royaume de Sardaigne et

320 3704 1002 100 les Etats Romains, toute l’Italie

320 3789 1002 92 appartient alors à des maitres d'ori¬

320 3862 1006 126 gine étrangère ; un vent de libéra¬

1388 655 1006 74 lisme souffle à travers la pé¬

1385 703 1002 96 ninsule, de Naples à Florence, à

1385 773 998 92 Milan et Turin. L'homme qui a fon¬

1374 839 1020 96 dé sur une terre italienne un Etat libre

1374 909 1017 96 où les citoyens se gouvernent eux-

1374 979 1017 85 mêmes, cet homme, Pasquale de Pao¬

1377 1045 1010 96 li, incarne aux yeux de tout

1374 1123 1006 81 ce qui pense en Italie, aux yeux

1374 1211 1002 74 de Galiani, d’Alfieri, de Cocchi, des

1374 1277 1006 70 Verri, de Pignotti, etc.., l'indépen¬

1377 1336 1014 85 ce, la liberté, la patrie italienne.

1381 1421 1006 66 De nouveaux horizons s’entrevoient

1370 1491 1010 70 dans le lointain du ciel italien.

1374 1539 1009 92 L'Europe entière a les yeux tournés

1381 1631 1010 77 vers la jeune nation et, au premier

1374 1679 998 99 rang, les J. J. Rousseau et les Vol¬

1374 1752 998 96 taire s’inclinent avec admiration de¬

1374 1822 1006 100 vant l’organisateur d’un peuple li¬

1374 1907 994 81 bre. La Corse a conquis, durement,

1374 1966 1006 96 reconnaissons-le, le droit d’assurer

1374 2029 696 103 elle-même ses destinées.

1425 2113 951 74 C’est ce moment que choisit pour

1374 2168 994 100 intervenir la Cour de Versailles :

1377 2246 995 88 après des tentatives modérées, sans

1374 2312 991 100 excès apparent, d'établissement par¬

1374 2386 994 84 tiel, en 1756 et 1764 ; après une

1363 2456 1005 95 longue suite de pourparlers entre

1363 2526 1005 92 Choiseul et Paoli, le ministre de

1363 2585 994 106 Louis XV démasque enfin ses

1363 2662 1005 85 batteries: il veut Bastia, Saint-

1363 2728 1002 92 Florent et le Cap pour prix de l’in¬

1366 2813 995 92 dépendance du reste de l'île. Paoli,

1363 2876 991 88 l'indigné refuse. Choiseul alors n'hé¬

1363 2942 1002 88 site plus: il traite directement avec

1363 3008 998 100 Gênes qui vend la Corse à la Fran¬

1363 3085 991 104 ce, laquelle versera à la République

1359 3163 998 84 pendant 10 ans un subside annuel

1363 3225 998 89 de deux cent mille livres. Gênes se

1363 3288 994 99 réservait le droit de rentrer en pos¬

1363 3362 998 84 session de l’île en remboursant tous

1366 3421 984 99 les frais supportés pour la France.

1363 3505 460 96 (15 mai 1768.)

1414 3579 943 96 A cette nouvelle, l'indignation de

1363 3641 991 85 Paoli éclata. « Nous sommes traités

1363 3704 991 103 comme un troupeau de moutons

1363 3770 980 103 vendus au marché » déclara-t-il.

1366 3862 984 133 Jusqu'ici les rapports entre Cor¬
