3041 4495
483 704 1035 86 ses et Français avaient été em¬

479 764 1039 101 preints d’une correction parfaite et

479 839 1024 93 même d’une certaine sympathie.

479 910 1028 93 Les soldats et les officiers des deux

487 985 1027 93 armées n’avaient jamais eu entre

483 1052 1024 86 eux que de très courtoises relations.

487 1120 1024 93 Le traité de 1768 en dessillant les

483 1191 1024 97 veux des Corses mit fin à cette situ¬

487 1269 1024 79 ation. Désapprouvé par l’opinion,

491 1337 1027 86 publique française et italienre, il

483 1412 1024 90 souleva le juste courroux du peu¬

487 1483 1020 82 ple qu’il sacrifiait ainsi. Ce qui con¬

479 1543 1028 101 firma ces craintes, ce fut l’envoi

479 1625 1024 83 limmédiat de troupes françaises en

487 1696 1024 90 Corse. Paoli convoqua alors à Corte.

483 1771 1020 83 une consulta qui eut à se pronon¬

487 1839 1012 93 cer sur la question de la paix ou de

498 1906 1013 98 la guerre. D’ardentes discussions.

487 1977 1024 101 y mirent aux prises les partisans.

487 2056 1005 90 de l’une et de l’autre. Le P. Grimal.

487 2123 1020 105 di, professeur à l’Université de

487 2198 1012 90 Corte, prononça un magnifique dis-

491 2258 1020 90 cours en faveur de la résistance à

487 2333 1020 90 outrance; il emporta presque tous.

483 2397 1020 93 les suffrages, et ce fut aux cris de :

487 2468 1020 105 guerra, guerra ! que se sépara l’as¬

483 2543 1020 90 semblée, après avoir évoqué les

483 2614 1020 90 souvenirs de Marathon et de Pla-

487 2685 1024 101 tée. La jeunesse universitaire joi¬

487 2741 1016 120 gnit sa voix à celle des représen¬

483 2813 1028 97 tants du peuple Un étudiant, sans

487 2899 1027 90 doute Carlo Bonaparte, rédigea un

491 2974 1023 93 vibrant appel à la « Valorosa Giu-

487 3045 540 90 ventù di Corsica.

731 3150 581 101 2- La bataille

551 3232 971 120 Les hostilités ne tardèrent pas à

506 3318 1016 109 éclater. Ce fut une vraie guerre na¬

506 3401 1016 82 tionale. On se battit à Furiani, on

506 3464 1016 90 se battit à Borgo, on se battit dans

509 3524 1013 101 la Casinca. Les Vittoli qui s’étaient

506 3603 1016 105 mis au service de l’ennemi furent

509 3689 1013 86 déclarés traîtres à la patrie. Partout

509 3742 1013 112 des volontaires surgissaient, farou¬

509 3824 1013 90 ches. Après la défaite du colonel de

509 3888 1013 101 Ludre à Borgo, le 7 octobre 1768,

569 3966 953 113 uis XV eut un moment l’idée

1507 614 45 90 6

1548 704 1028 90 d’abandonner cette coûteuse et san¬

1552 771 1009 98 glante entreprise. Mais Choiseul

1552 839 1016 89 finit par l’emporter et une nouvel¬

1548 906 1024 101 le expédition, dirigée par le comte

1548 981 930 90 de Vaux, fut envoyée dans l’ile.

1601 1041 967 108 Les troupes françaises qui comp¬

1552 1127 1012 94 taient près de trente mille hommes

1548 1187 1016 94 bien armés et approvisionnés, pour¬

1548 1273 1013 94 vues d’une artillerie puissante, al¬

1548 1329 1001 101 laient affronter les miliciens corses.

1601 1408 963 101 Voici quelle était à peu près la

1552 1490 1009 83 répartition des armées en présen¬

1548 1558 1013 90 ce. Le gros des troupes royales é¬

1548 1618 1013 105 taient dans l’En-Deça des Monts.

1548 1689 1016 101 Le corps le plus nombreux occupait

1548 1764 1016 93 le Nebbio, avec quartier général à

1552 1835 1009 109 Oletta, en face de Murato, où rési¬

1552 1917 997 90 dait Paoli et son Etat-Major. Une

1548 1985 1013 93 colonne, en Balagne, était char¬

1552 2060 1012 93 gée de surveiller la piève de Cac¬

1548 2127 1013 94 cia (Castifao) et d’empêcher les

1567 2195 994 93 Balanins de secourir le Nebbio. Mar¬

1552 2262 1009 105 beuf enfin, descendant de Bastia

1548 2341 1013 101 sur le Golo, devait rejoindre au pas-

1548 2416 1020 82 sage du fleuve, les colonnes opé¬

1552 2479 1016 98 rant dans le Nebbio. L’objectif des

1556 2558 1008 90 Français était, en somme, le passa¬

1548 2622 1020 104 ge du Golo précédant et préparant

1548 2700 1024 86 ainsi l’invasion de l’au-delà des

1552 2764 1012 97 Monts et la jonction avec Narbon¬

1548 2839 1016 93 ne qui occupait Ajaccio et ses envi¬

1559 2903 1013 104 rons immédiats. Les Nationaux cor¬

1559 2981 1013 101 ses occupaient Corte et presque

1559 3056 1009 90 tout l’au-delà, en particulier Vico,

1559 3127 1013 86 la Cinarca, Bocognano, Bastelica,

1559 3187 608 83 l’Ornano et la Rocca.

1604 3225 972 105 Dans la journée du 5 mai, Vio¬

1559 3311 1013 90 ménil à la tête de la troisième co¬

1559 3382 1009 94 lonne des troupes du Nebbio, délo¬

1559 3446 1017 105 geait Paoli et son frère Clemente

1559 3513 1009 105 de Murato, tandis qu’à l’est, Mar¬

1559 3577 1017 112 beuf s’emparait de Borgo. Le soir

1559 3655 1017 109 les troupes françaises campent sur

1559 3734 1017 101 les hauteurs de San Nicolao: elles

1559 3790 1017 116 sont maîtresses du Bevinco et de

1559 3861 1017 117 l’entrée des cols de Tenda et de

1563 3948 1013 119 Bigorno. Paoli pour assurer sa po-
