2891 4421
1404 526 30 67 7

379 589 1003 70 sition laisse quelques troupes sur

379 644 1014 89 la rive gauche du Golo et va s’éta¬

379 707 1000 99 blir lui-même sur la rive droite,

383 788 999 81 dans sa piève natale, le Rostino.

387 858 995 81 Tous ses efforts vont se concentrer

383 924 999 92 dans la défense du passage du Go¬

383 994 1003 100 lo à Pontenôvu. Deux points lui

379 1064 1003 96 paraissent devoir être sérieusement

379 1134 996 89 protégés: Lento et Canavaggia.

379 1204 1014 92 Mais Gaffori chargé d’occuper le

379 1278 1007 85 premier d’où l’on pouvait couper

379 1348 1000 88 toute retraite éventuelle de l’enne¬

379 1425 996 81 mi ne s’acquitta point de sa mis¬

383 1495 996 85 sion; d’autre part le 7 mai Canavag-

379 1565 996 89 gia fut pris par les Français. Les

379 1632 1000 95 miliciens corses massés à Pontenô¬

383 1705 992 92 vu ignoraient ces deux évènements.

379 1772 1000 92 Surexcités et aiguillonnés par le bruit

379 1838 996 99 des fusillades d’avant-garde qui

379 1915 992 92 troublaient les alentours des Coste-

379 1985 1000 96 re, ils avaient hâte d’attaquer l’en¬

383 2048 996 99 nemi. Paoli, posté sur le plateau

383 2122 1003 95 de Rescamone, d’où il dominait la

379 2195 996 89 vallée de Ponte-Novu, avait donné

379 2262 1007 95 à Grimaldi l’ordre de préparer l’at-

376 2328 1003 99 taque pour la journée du 8 mai,

372 2398 1014 96 entre 8 et 9 heures du soir. Il avait

376 2468 1006 99 fait passer sur la rive gauche pres¬

372 2553 1018 77 que tous les miliciens qui étaient

376 2623 1006 88 sur la rive droite et fait garder sur

372 2685 1010 92 la gauche l’entrée du pont génois

376 2763 999 84 par un corps de mercenaires suis¬

368 2836 11 89 ses et prussiens que commandait

372 2892 996 92 Gentile, avec la consigne d’inter¬

376 2999 3 51 dire l’accès du pont aux fuyards.

427 3046 944 70 Grimaldi paraît ne pas avoir exé¬

376 3098 995 96 cuté strictement le plan du Gé¬

372 3175 996 92 néral. Il ordonna l’attaque à deux

376 3273 3 57 heures de l’après-midi, c’est-à-dire

372 3315 7 85 beaucoup plus tôt que ne le vou¬

376 3389 3 74 lait Paoli. Les Corses sortis de leurs

372 3455 999 96 retranchements se dirigèrent vers

372 3514 1014 103 les hauteurs de Lento, dans l’espoir

372 3595 996 89 d’atteindre le col de Tenda et de

372 3658 996 99 couper les communications de l’en¬

372 3721 1010 110 nemi. Les Vittoli placés en avant

372 3805 1010 129 du camp français soutinrent le choc,

1427 589 992 81 mais avec si peu de succès que M.

1427 641 992 95 de Vaux, instruit de ce qui se pas¬

1427 722 995 88 sait, envoya le général d’Escoulou¬

1427 784 999 100 bre avec ordre de faire prendre les

1427 858 992 96 armes à toutes les troupes. Grena¬

1427 928 984 92 diers et chasseurs de Champagne,

1430 987 989 92 Régiment de Marine et Légion de

1430 1049 992 104 Soubise se précipitèrent de Lento

1430 1131 989 81 et Canavaggia sur Costa et Ponte¬

1430 1197 992 96 nôvu. Le choc fut formidable et

1427 1271 992 92 sanglant. Des hauteurs de Bigorno

1427 1341 992 88 et de Lento la grosse artillerie

1427 1403 995 100 française canonnait les miliciens

1423 1473 996 92 corses. Ceux-ci firent des prodiges

1423 1547 996 96 de valeur: le brave capitaine Pelo¬

1423 1609 996 100 ne se signala par son héroïsme. Il

1427 1683 992 100 fallut reculer devant le nombre. En

1427 1764 992 74 vain le capitaine Orsone Tavera, de

1423 1823 988 96 Bocognano, se battant comme un

1423 1901 988 92 lion, tentait d’empêcher la panique :

1416 1967 1006 96 les miliciens se retirèrent, tachant

1419 2044 996 81 de gagner le pont pour passer sur

1416 2107 1003 107 la rive droite. Mais là, un autre ob¬

1419 2192 1000 92 stacle se dressa devant eux : les

1416 2258 995 92 mercenaires de Gentile, interprê¬

1416 2332 984 84 tant, mal les ordres reçus, leur in¬

1416 2402 991 88 terdirent l’entrée du pont. Pris en¬

1412 2475 1007 78 tre le feu des Français et celui des

1412 2538 1007 92 Prussiens, les Corses furent lamen¬

1412 2601 999 99 tablement massacrés. Le valeureux

1412 2682 1007 92 fils de Bachiolo Ornano criait en

1412 2755 995 85 mourant: « Fate fuoco contro i Vit-

1416 2825 991 85 toli, che ci tradiscono. » Une épou¬

1416 2892 991 77 vantable mêlée ensanglanta le pont;

1412 2962 1007 84 des centaines de Corses tombèrent

1412 3035 992 85 dans le Golo dont les eaux impé¬

1416 3094 995 89 tueuses grossies par la fonte des

1412 3175 988 85 neiges restèrent longtemps rouges.

1412 3242 992 81 Durant une partie de la nuit de pe¬

1412 3304 995 92 tits combats furent livrés dans les

1412 3367 988 99 alentours du pont: mais les Fran¬

1412 3444 992 103 çais ne le franchirent pas (8 et 9

1416 3514 313 92 mai 1769).

1467 3588 933 85 Le courage des Corses à la jour¬

1412 3654 992 89 née de Pontenôvu émut l’Europe,

1412 3728 992 85 entière d’admiration. On connait

1412 3787 992 121 la belle page de Voltaire et son mot
