3129 4587
520 676 1033 92 sur les blessés qui se firent un ram

531 745 1025 111 part des cadavres de leurs compa¬

524 825 455 84 gnons d’armes.

566 867 1002 126 De Rescamone, Pasquale Paoli

520 959 1036 92 avait, la mort dans l'âme, assisté im¬

520 1024 1029 99 puissant, à la déroute de ses braves.

520 1097 1044 87 Mais l’héroïque Général ne déses¬

524 1173 1021 99 pérait pas encore. Il dépêchait im¬

527 1238 1014 92 médiatement à Corte l’ordre d’ac¬

516 1307 1040 103 croître la défense de la citadelle et

512 1376 1029 103 de la munir d’approvisionnements.

520 1452 1029 99 Il comptait donc lutter encore: ses

508 1521 1048 92 lettres en font foi. Je n’insisterai

516 1597 1025 96 pas sur les derniers évènements,

504 1666 1049 92 l’abandon de Corte, la retraite du

504 1731 1033 103 Général sur Vivario, sur Bastelica

508 1823 1037 92 où la population lui offrit encore un

512 1888 1021 92 suprême secours, sur Quenza et

512 1964 1029 96 sur Porto-Vecchio où il s’embarqua

508 2025 1037 96 le 13 juin pour Livourne. Il avait

504 2102 1029 88 compris que la Corse était trahie

504 2182 1029 84 et que, pour le moment du moins,

504 2247 823 103 il fallait renoncer à résister.

550 2335 872 130 3 = Sens et portée de la

1178 2438 313 126 bataille

566 2545 967 84 L’annexion de la Corse à la mo¬

520 2603 1013 107 narchie française avait été décidée

504 2683 1029 103 par Choiseul et Louis XV bien a¬

516 2763 1033 88 vant Pontenôvu, et cela avec le

501 2828 1036 96 consentement assuré de l'Angle¬

504 2901 1026 88 terre. La défaite des Corses à Pon¬

501 2962 1040 92 tenôvu ne fit que consacrer cette

504 3042 1037 92 annexion. Désormais, c'en était fait

508 3119 1029 88 de l'indépendance de la Corse ; le

512 3184 1033 95 rêve un instant réalisé par Paoli

493 3249 945 99 d’un Etat corse libre, s’écroulait.

566 3329 975 84 Pontenôvu était ainsi, en quel¬

501 3386 1025 115 que sorte, le dernier épisode d’une

504 3470 1033 96 lutte qui avait commencé quelques

508 3543 1022 88 mois auparavant, d’une bataille

508 3608 1022 99 formidable que l’on pourrait appe¬

512 3677 1021 99 ler la bataille du Golo, puisque le

501 3757 1029 96 passage du Golo en était l'enjeu.

497 3826 1036 103 Ce fut comme la Marne de la Cor¬

1541 561 77 92 8

1587 661 1021 114 se, avec cette différence que l’en¬

1575 749 1026 99 vahisseur triompha. Le Golo fran¬

1587 829 1021 88 chi, les troupes françaises de l’En¬

1583 894 1018 99 deçà, après la soumission d'Abba¬

1575 959 1029 107 tucci, purent rejoindre celle de l’Au¬

1575 1024 1029 111 delà des Monts, et la Corse était

1575 1119 284 88 conquise.

1637 1177 971 99 La défaite des patriotes corses fut

1568 1234 1029 111 considérée comme un deuil par tou¬

1568 1314 1021 107 te l’Italie. Paoli fut accueilli à Li-

1579 1402 1025 84 vourne par les acclamations en¬

1560 1464 1037 99 thousiastes d’une formidable fou¬

1575 1536 1010 100 le. Les hommes et les femmes a-

1568 1605 1029 84 vaient arboré sur leur poitrine l’in¬

1564 1678 1025 95 signe à la tête de Maure. L’homme

1568 1743 1021 110 qui avait apporté un peu de liberté

1572 1815 1009 100 sur une terre italienne, l’homme

1564 1892 1021 84 qui avait fait germer aux cœurs

1553 1960 1036 104 italiens l’espoir d’une délivrance

1560 2033 1029 96 prochaine, cet homme, le général Pas¬

1572 2117 1017 84 qual de Paoli devenait comme un

1564 2171 1021 103 héros national. "Io sono Italiano"

1560 2243 1025 92 s'est-il plu à dire et à écrire. Qui

1568 2316 1017 103 sait si, sans l'obstacle qu’il rencon¬

1564 2385 1014 99 tra, il n’eut, après avoir libéré son

1564 2465 1025 96 pays natal, essayé de tenter avec

1564 2534 1010 92 l’aide du roi de Sardaigne ou des

1564 2599 1006 99 patriotes toscans, de libérer aussi

1556 2664 1029 107 la péninsule ? Le poète Pignotti

1556 2744 1025 92 s’est fait l’écho de ses compatriotes

1560 2821 1025 91 toscans en représentant dans une

1560 2893 1021 88 ode célèbre les Corses de cette é¬

1568 2966 1013 92 poque comme les champions de la

1568 3027 466 103 liberté italienne.

1621 3103 968 92 « On n’a pas le droit de vendre

1560 3165 1018 103 les peuples malgré eux, écrivait Vol-

1564 3249 1021 91 Itaire". L'annexion de 1768-69 fut le

1564 3317 1014 92 fruit d’un marché et de la violence.

1564 3390 1017 92 Certes les choses ont changé de¬

1553 3455 1028 99 puis. La Révolution française en ac¬

1560 3524 1025 99 clamant Paoli au retour de son exil

1560 3600 1018 96 en 1790, proclama par la bouche de

1564 3673 1017 92 Robespierre qu’une réparation so¬

1560 3742 1018 111 lennelle de l’acte de 1769 venait de

1553 3814 1025 126 s’accomplir: Les Corses s’unis¬
