3129 4587
1541 561 77 92 8

531 676 1022 92 sur les blessés qui se firent un ram

531 745 1022 111 part des cadavres de leurs compa¬

531 825 444 88 gnons d’armes.

573 856 983 130 De Rescamone, Pasquale Paoli

520 959 1036 92 avait, la mort dans l'âme, assisté im¬

520 1024 1029 99 puissant, à la déroute de ses braves.

524 1097 1032 87 Mais l’héroïque Général ne déses¬

524 1173 1021 99 pérait pas encore. Il dépêchait im¬

527 1238 1014 92 médiatement à Corte l’ordre d’ac¬

516 1307 1040 103 croître la défense de la citadelle et

516 1383 1021 96 de la munir d’approvisionnements.

520 1452 1025 99 Il comptait donc lutter encore: ses

516 1521 1040 88 lettres en font foi. Je n’insisterai

520 1597 1017 96 pas sur les derniers évènements,

516 1662 1037 96 l’abandon de Corte, la retraite du

516 1743 1017 91 Général sur Vivario, sur Bastelica

520 1823 1025 95 où la population lui offrit encore un

512 1888 1021 92 suprême secours, sur Quenza et

520 1960 1017 100 sur Porto-Vecchio où il s’embarqua

520 2029 1021 100 le 13 juin pour Livourne. Il avait

520 2102 1013 95 compris que la Corse était trahie

520 2182 1013 84 et que, pour le moment du moins,

520 2243 803 107 il fallait renoncer à résister.

550 2335 872 130 3 = Sens et portée de la

1178 2438 313 126 bataille

566 2545 967 84 L’annexion de la Corse à la mo¬

520 2603 1013 107 narchie française avait été décidée

516 2683 1014 103 par Choiseul et Louis XV bien a¬

520 2763 1025 80 vant Pontenôvu, et cela avec le

516 2821 1017 99 consentement assuré de l'Angle¬

516 2897 1010 96 terre. La défaite des Corses à Pon¬

516 2962 1025 96 tenôvu ne fit que consacrer cette

516 3042 1025 92 annexion. Désormais, c'en était fait

516 3115 1017 92 de l'indépendance de la Corse ; le

516 3184 1029 91 rêve un instant réalisé par Paoli

516 3252 918 92 d’un Etat corse libre, s’écroulait.

566 3329 975 84 Pontenôvu était ainsi, en quel¬

516 3386 1006 103 que sorte, le dernier épisode d’une

520 3463 1013 99 lutte qui avait commencé quelques

516 3539 1010 96 mois auparavant, d’une bataille

520 3616 1006 91 formidable que l’on pourrait appe¬

520 3677 1010 99 ler la bataille du Golo, puisque le

516 3746 1010 107 passage du Golo en était l'enjeu.

516 3826 1017 122 Ce fut comme la Marne de la Cor¬

1587 661 1021 114 se, avec cette différence que l’en¬

1575 749 1026 99 vahisseur triompha. Le Golo fran¬

1587 829 1021 88 chi, les troupes françaises de l’En¬

1583 894 1018 99 deçà, après la soumission d'Abba¬

1579 959 1022 107 tucci, purent rejoindre celle de l’Au¬

1575 1024 1026 107 delà des Monts, et la Corse était

1575 1119 284 88 conquise.

1637 1177 971 99 La défaite des patriotes corses fut

1575 1234 1018 107 considérée comme un deuil par tou¬

1575 1314 1014 107 te l’Italie. Paoli fut accueilli à Li-

1579 1402 1025 84 vourne par les acclamations en¬

1575 1464 1018 95 thousiastes d’une formidable fou¬

1575 1536 1010 100 le. Les hommes et les femmes a-

1575 1605 1018 84 vaient arboré sur leur poitrine l’in¬

1575 1678 1014 95 signe à la tête de Maure. L’homme

1575 1743 1010 95 qui avait apporté un peu de liberté

1579 1819 1002 96 sur une terre italienne, l’homme

1575 1892 1010 88 qui avait fait germer aux cœurs

1575 1960 1010 104 italiens l’espoir d’une délivrance

1575 2033 1010 107 prochaine, cet homme, le général Pas¬

1575 2117 1014 84 qual de Paoli devenait comme un

1572 2171 1013 103 héros national. "Io sono Italiano"

1572 2247 1009 96 s'est-il plu à dire et à écrire. Qui

1572 2316 1009 107 sait si, sans l'obstacle qu’il rencon¬

1572 2389 1002 95 tra, il n’eut, après avoir libéré son

1575 2465 1010 96 pays natal, essayé de tenter avec

1572 2534 1002 92 l’aide du roi de Sardaigne ou des

1572 2599 998 103 patriotes toscans, de libérer aussi

1572 2660 1009 107 la péninsule ? Le poète Pignotti

1572 2744 1006 103 s’est fait l’écho de ses compatriotes

1572 2817 1009 95 toscans en représentant dans une

1572 2885 1006 96 ode célèbre les Corses de cette é¬

1572 2962 1009 96 poque comme les champions de la

1572 3027 462 103 liberté italienne.

1621 3103 968 92 « On n’a pas le droit de vendre

1575 3165 1003 107 les peuples malgré eux, écrivait Vol-

1575 3249 1006 91 Itaire". L'annexion de 1768-69 fut le

1575 3317 999 96 fruit d’un marché et de la violence.

1575 3390 1003 103 Certes les choses ont changé de¬

1575 3459 1003 107 puis. La Révolution française en ac¬

1575 3520 1006 111 clamant Paoli au retour de son exil

1575 3600 999 100 en 1790, proclama par la bouche de

1575 3658 1003 107 Robespierre qu’une réparation so¬

1575 3742 999 99 lennelle de l’acte de 1769 venait de

1575 3818 1003 119 s’accomplir: Les Corses s’unis¬
