<?xml version="1.0" encoding="UTF-8"?>
<alto xmlns:xsi="http://www.w3.org/2001/XMLSchema-instance"
      xmlns="http://www.loc.gov/standards/alto/ns-v4#"
      xsi:schemaLocation="http://www.loc.gov/standards/alto/ns-v4# http://www.loc.gov/standards/alto/v4/alto-4-2.xsd">
  <Description>
    <MeasurementUnit>pixel</MeasurementUnit>
    <sourceImageInformation>
      <fileName>14_393d1_default.jpg</fileName>
      
    </sourceImageInformation>
  </Description>
  
  <Tags>
    <OtherTag ID="BT1913" LABEL="RunningTitle" DESCRIPTION="block type RunningTitle"/><OtherTag ID="BT1914" LABEL="NumberingZone" DESCRIPTION="block type NumberingZone"/><OtherTag ID="BT1915" LABEL="QuireMarksZone" DESCRIPTION="block type QuireMarksZone"/><OtherTag ID="BT1916" LABEL="MainZone" DESCRIPTION="block type MainZone"/><OtherTag ID="BT1917" LABEL="StampZone" DESCRIPTION="block type StampZone"/>
    <OtherTag ID="LT770" LABEL="DefaultLine" DESCRIPTION="line type DefaultLine"/><OtherTag ID="LT771" LABEL="HeadingLine" DESCRIPTION="line type HeadingLine"/>
  </Tags>
  
  <Layout>
    <Page WIDTH="2877"
          HEIGHT="4411"
          PHYSICAL_IMG_NR="5"
          ID="eSc_dummypage_">
      <PrintSpace HPOS="0"
                  VPOS="0"
                  WIDTH="2877"
                  HEIGHT="4411">
        
        <TextBlock HPOS="215"
                   VPOS="710"
                   WIDTH="1065"
                   HEIGHT="1097"
                   ID="eSc_textblock_a94641ff"
                   TAGREFS="BT1916">
          <Shape><Polygon POINTS="215 710 215 1807 1276 1805 1280 724"/></Shape>
          
          
          <TextLine ID="eSc_line_6d0bf2ae"
                    TAGREFS="LT770"
                    BASELINE="261 764 1270 771" 
                    HPOS="253"
                    VPOS="705"
                    WIDTH="1016"
                    HEIGHT="88">
            <Shape><Polygon POINTS="257 760 257 705 1269 705 1269 768 1265 793 253 793"/></Shape>
	    <String CONTENT="saient alors volontairement et libre¬"
                    HPOS="253"
                    VPOS="705"
                    WIDTH="1016"
                    HEIGHT="88"></String>
          </TextLine>

          
          
          <TextLine ID="eSc_line_8ff82cc1"
                    TAGREFS="LT770"
                    BASELINE="257 838 1270 845" 
                    HPOS="246"
                    VPOS="771"
                    WIDTH="1023"
                    HEIGHT="96">
            <Shape><Polygon POINTS="253 834 250 779 1261 771 1269 841 1261 867 246 852"/></Shape>
	    <String CONTENT="ment à la France. De nouvelles des¬"
                    HPOS="246"
                    VPOS="771"
                    WIDTH="1023"
                    HEIGHT="96"></String>
          </TextLine>

          
          
          <TextLine ID="eSc_line_63ae2b90"
                    TAGREFS="LT770"
                    BASELINE="253 911 1270 914" 
                    HPOS="242"
                    VPOS="849"
                    WIDTH="1027"
                    HEIGHT="77">
            <Shape><Polygon POINTS="250 907 250 849 1265 852 1269 911 1261 926 242 922"/></Shape>
	    <String CONTENT="tinées s’ouvraient devant eux; ils"
                    HPOS="242"
                    VPOS="849"
                    WIDTH="1027"
                    HEIGHT="77"></String>
          </TextLine>

          
          
          <TextLine ID="eSc_line_060ae352"
                    TAGREFS="LT770"
                    BASELINE="253 981 1270 986" 
                    HPOS="242"
                    VPOS="911"
                    WIDTH="1027"
                    HEIGHT="103">
            <Shape><Polygon POINTS="250 977 246 922 1261 911 1269 985 1261 1014 242 1007"/></Shape>
	    <String CONTENT="ont su prouver la sincérité de"
                    HPOS="242"
                    VPOS="911"
                    WIDTH="1027"
                    HEIGHT="103"></String>
          </TextLine>

          
          
          <TextLine ID="eSc_line_5e173681"
                    TAGREFS="LT770"
                    BASELINE="261 1047 1261 1054" 
                    HPOS="253"
                    VPOS="974"
                    WIDTH="1008"
                    HEIGHT="106">
            <Shape><Polygon POINTS="261 1047 261 974 1258 996 1261 1054 1254 1080 253 1069"/></Shape>
	    <String CONTENT="leur loyalisme français en main¬"
                    HPOS="253"
                    VPOS="974"
                    WIDTH="1008"
                    HEIGHT="106"></String>
          </TextLine>

          
          
          <TextLine ID="eSc_line_f0dc0496"
                    TAGREFS="LT770"
                    BASELINE="257 1121 1258 1121" 
                    HPOS="253"
                    VPOS="1065"
                    WIDTH="1005"
                    HEIGHT="81">
            <Shape><Polygon POINTS="257 1121 257 1065 1258 1065 1258 1121 1254 1146 253 1139"/></Shape>
	    <String CONTENT="tes circonstances et surtout du¬"
                    HPOS="253"
                    VPOS="1065"
                    WIDTH="1005"
                    HEIGHT="81"></String>
          </TextLine>

          
          
          <TextLine ID="eSc_line_f7c50623"
                    TAGREFS="LT770"
                    BASELINE="253 1194 1258 1194" 
                    HPOS="250"
                    VPOS="1121"
                    WIDTH="1008"
                    HEIGHT="95">
            <Shape><Polygon POINTS="253 1194 250 1135 1254 1121 1258 1194 1258 1216 253 1216"/></Shape>
	    <String CONTENT="rant la guerre de 1914-1918 ou qua¬"
                    HPOS="250"
                    VPOS="1121"
                    WIDTH="1008"
                    HEIGHT="95"></String>
          </TextLine>

          
          
          <TextLine ID="eSc_line_c5c04008"
                    TAGREFS="LT770"
                    BASELINE="253 1268 1265 1268" 
                    HPOS="253"
                    VPOS="1209"
                    WIDTH="1012"
                    HEIGHT="77">
            <Shape><Polygon POINTS="253 1268 253 1209 1265 1209 1265 1268 1265 1286 253 1286"/></Shape>
	    <String CONTENT="rante mille des leurs tombèrent pour"
                    HPOS="253"
                    VPOS="1209"
                    WIDTH="1012"
                    HEIGHT="77"></String>
          </TextLine>

          
          
          <TextLine ID="eSc_line_83c021e9"
                    TAGREFS="LT770"
                    BASELINE="257 1338 1276 1338" 
                    HPOS="253"
                    VPOS="1268"
                    WIDTH="1023"
                    HEIGHT="95">
            <Shape><Polygon POINTS="257 1338 257 1268 1276 1279 1276 1338 1272 1363 253 1360"/></Shape>
	    <String CONTENT="la défense de la France, du droit et"
                    HPOS="253"
                    VPOS="1268"
                    WIDTH="1023"
                    HEIGHT="95"></String>
          </TextLine>

          
          
          <TextLine ID="eSc_line_245afa9d"
                    TAGREFS="LT770"
                    BASELINE="253 1407 1281 1407" 
                    HPOS="250"
                    VPOS="1349"
                    WIDTH="1030"
                    HEIGHT="77">
            <Shape><Polygon POINTS="250 1404 250 1426 1280 1426 1280 1404 1280 1349 250 1349 250 1404"/></Shape>
	    <String CONTENT="de la liberté. Mais cela ne saurait"
                    HPOS="250"
                    VPOS="1349"
                    WIDTH="1030"
                    HEIGHT="77"></String>
          </TextLine>

          
          
          <TextLine ID="eSc_line_31b44d8b"
                    TAGREFS="LT770"
                    BASELINE="261 1477 1261 1477" 
                    HPOS="261"
                    VPOS="1418"
                    WIDTH="1000"
                    HEIGHT="81">
            <Shape><Polygon POINTS="261 1477 261 1418 1261 1418 1261 1477 1261 1496 261 1499"/></Shape>
	    <String CONTENT="nous faire oublier le sanglant sacri¬"
                    HPOS="261"
                    VPOS="1418"
                    WIDTH="1000"
                    HEIGHT="81"></String>
          </TextLine>

          
          
          <TextLine ID="eSc_line_f47e9cea"
                    TAGREFS="LT770"
                    BASELINE="257 1547 1269 1547" 
                    HPOS="253"
                    VPOS="1477"
                    WIDTH="1016"
                    HEIGHT="99">
            <Shape><Polygon POINTS="257 1547 253 1488 1265 1477 1269 1547 1269 1576 257 1576"/></Shape>
	    <String CONTENT="fice de 1769. A cette époque aussi"
                    HPOS="253"
                    VPOS="1477"
                    WIDTH="1016"
                    HEIGHT="99"></String>
          </TextLine>

          
          
          <TextLine ID="eSc_line_198fea1c"
                    TAGREFS="LT770"
                    BASELINE="257 1621 1269 1617" 
                    HPOS="250"
                    VPOS="1558"
                    WIDTH="1019"
                    HEIGHT="77">
            <Shape><Polygon POINTS="257 1621 250 1562 1258 1558 1269 1617 1265 1632 257 1635"/></Shape>
	    <String CONTENT="nos pères luttaient pour le droit et"
                    HPOS="250"
                    VPOS="1558"
                    WIDTH="1019"
                    HEIGHT="77"></String>
          </TextLine>

          
          
          <TextLine ID="eSc_line_5897f1b2"
                    TAGREFS="LT770"
                    BASELINE="257 1690 1261 1690" 
                    HPOS="257"
                    VPOS="1617"
                    WIDTH="1004"
                    HEIGHT="103">
            <Shape><Polygon POINTS="257 1690 257 1617 1261 1624 1261 1690 1261 1720 257 1720"/></Shape>
	    <String CONTENT="la liberté; ces héros avaient dans"
                    HPOS="257"
                    VPOS="1617"
                    WIDTH="1004"
                    HEIGHT="103"></String>
          </TextLine>

          
          
          <TextLine ID="eSc_line_45caad9b"
                    TAGREFS="LT770"
                    BASELINE="261 1760 1267 1753" 
                    HPOS="253"
                    VPOS="1694"
                    WIDTH="1012"
                    HEIGHT="92">
            <Shape><Polygon POINTS="257 1757 257 1786 1261 1786 1265 1749 1254 1694 253 1698 257 1757"/></Shape>
	    <String CONTENT="leur âme un sublime idéal. Honneur"
                    HPOS="253"
                    VPOS="1694"
                    WIDTH="1012"
                    HEIGHT="92"></String>
          </TextLine>

          
        </TextBlock>
        
        <TextBlock HPOS="1253"
                   VPOS="606"
                   WIDTH="97"
                   HEIGHT="67"
                   ID="eSc_textblock_48e3cd4f"
                   TAGREFS="BT1914">
          <Shape><Polygon POINTS="1253 606 1253 673 1350 673 1350 606"/></Shape>
          
          
          <TextLine ID="eSc_line_f0df350f"
                    TAGREFS="LT770"
                    BASELINE="1262 657 1266 657 1286 662 1319 662 1327 666" 
                    HPOS="1258"
                    VPOS="555"
                    WIDTH="84"
                    HEIGHT="121">
            <Shape><Polygon POINTS="1261 654 1265 555 1342 555 1324 665 1317 676 1258 665"/></Shape>
	    <String CONTENT="9"
                    HPOS="1258"
                    VPOS="555"
                    WIDTH="84"
                    HEIGHT="121"></String>
          </TextLine>

          
        </TextBlock>
        
        <TextBlock HPOS="1298"
                   VPOS="725"
                   WIDTH="1015"
                   HEIGHT="1090"
                   ID="eSc_textblock_de2b3e01"
                   TAGREFS="BT1916">
          <Shape><Polygon POINTS="2313 1815 2313 732 1298 725 1305 1815"/></Shape>
          
          
          <TextLine ID="eSc_line_ecbae817"
                    TAGREFS="LT770"
                    BASELINE="1310 772 2314 779" 
                    HPOS="1306"
                    VPOS="680"
                    WIDTH="1004"
                    HEIGHT="117">
            <Shape><Polygon POINTS="1309 771 1306 790 2303 797 2310 775 2306 702 2126 705 2119 698 2100 683 2100 680 2097 680 2093 680 2089 680 1894 694 1802 702 1780 694 1747 680 1743 680 1740 680 1626 691 1512 705 1309 691 1309 771"/></Shape>
	    <String CONTENT="à eux! Leur défaite à marqué un"
                    HPOS="1306"
                    VPOS="680"
                    WIDTH="1004"
                    HEIGHT="117"></String>
          </TextLine>

          
          
          <TextLine ID="eSc_line_6378c539"
                    TAGREFS="LT770"
                    BASELINE="1310 845 2306 852" 
                    HPOS="1306"
                    VPOS="775"
                    WIDTH="997"
                    HEIGHT="96">
            <Shape><Polygon POINTS="1604 775 1567 775 1530 775 1493 775 1456 775 1420 775 1383 775 1346 775 1309 775 1309 841 1306 863 2295 871 2303 849 2299 790 1637 775 1604 775"/></Shape>
	    <String CONTENT="tournant dans l’histoire corse, a va¬"
                    HPOS="1306"
                    VPOS="775"
                    WIDTH="997"
                    HEIGHT="96"></String>
          </TextLine>

          
          
          <TextLine ID="eSc_line_28b66a8a"
                    TAGREFS="LT770"
                    BASELINE="1310 915 2314 918" 
                    HPOS="1306"
                    VPOS="845"
                    WIDTH="1004"
                    HEIGHT="96">
            <Shape><Polygon POINTS="1490 845 1453 845 1416 845 1379 845 1342 845 1309 845 1309 911 1306 941 2306 937 2310 915 2306 860 1508 845 1490 845"/></Shape>
	    <String CONTENT="lu à la Corse un destin nouveau et"
                    HPOS="1306"
                    VPOS="845"
                    WIDTH="1004"
                    HEIGHT="96"></String>
          </TextLine>

          
          
          <TextLine ID="eSc_line_0da20b84"
                    TAGREFS="LT770"
                    BASELINE="1310 987 1790 989 2306 992" 
                    HPOS="1306"
                    VPOS="929"
                    WIDTH="997"
                    HEIGHT="85">
            <Shape><Polygon POINTS="1309 985 1306 1014 2299 1010 2303 988 2299 929 1309 929 1309 985"/></Shape>
	    <String CONTENT="a retardé de cent ans la libération"
                    HPOS="1306"
                    VPOS="929"
                    WIDTH="997"
                    HEIGHT="85"></String>
          </TextLine>

          
          
          <TextLine ID="eSc_line_6a53bbb0"
                    TAGREFS="LT770"
                    BASELINE="1310 1054 2299 1062" 
                    HPOS="1306"
                    VPOS="988"
                    WIDTH="989"
                    HEIGHT="89">
            <Shape><Polygon POINTS="1309 1051 1306 1069 2288 1077 2295 1058 2292 1003 1309 988 1309 1051"/></Shape>
	    <String CONTENT="de l’Italie. Mais les destins sont im¬"
                    HPOS="1306"
                    VPOS="988"
                    WIDTH="989"
                    HEIGHT="89"></String>
          </TextLine>

          
          
          <TextLine ID="eSc_line_7907d9cc"
                    TAGREFS="LT770"
                    BASELINE="1310 1132 2306 1132" 
                    HPOS="1309"
                    VPOS="1058"
                    WIDTH="994"
                    HEIGHT="103">
            <Shape><Polygon POINTS="1309 1128 1309 1161 2303 1161 2303 1128 2303 1077 1309 1058 1309 1128"/></Shape>
	    <String CONTENT="pitoyables. Quant à nous, leurs"
                    HPOS="1309"
                    VPOS="1058"
                    WIDTH="994"
                    HEIGHT="103"></String>
          </TextLine>

          
          
          <TextLine ID="eSc_line_26499abd"
                    TAGREFS="LT770"
                    BASELINE="1310 1194 2303 1201" 
                    HPOS="1306"
                    VPOS="1132"
                    WIDTH="993"
                    HEIGHT="92">
            <Shape><Polygon POINTS="2266 1132 2229 1132 2192 1132 2155 1132 2119 1132 2082 1132 2045 1132 2008 1132 1971 1132 1935 1132 1898 1132 1861 1132 1824 1132 1788 1132 1751 1132 1714 1132 1677 1132 1640 1132 1604 1132 1567 1132 1530 1132 1493 1132 1456 1132 1420 1132 1383 1132 1346 1132 1309 1132 1309 1190 1306 1220 2292 1224 2299 1198 2292 1132 2266 1132"/></Shape>
	    <String CONTENT="descendants, il nous reste un de¬"
                    HPOS="1306"
                    VPOS="1132"
                    WIDTH="993"
                    HEIGHT="92"></String>
          </TextLine>

          
          
          <TextLine ID="eSc_line_40b6152f"
                    TAGREFS="LT770"
                    BASELINE="1310 1271 2299 1264" 
                    HPOS="1306"
                    VPOS="1205"
                    WIDTH="989"
                    HEIGHT="85">
            <Shape><Polygon POINTS="1309 1268 1309 1290 2292 1286 2295 1260 2288 1213 1306 1205 1309 1268"/></Shape>
	    <String CONTENT="voir: c&#39;est celui de ne pas les ou¬"
                    HPOS="1306"
                    VPOS="1205"
                    WIDTH="989"
                    HEIGHT="85"></String>
          </TextLine>

          
          
          <TextLine ID="eSc_line_605ec4de"
                    TAGREFS="LT770"
                    BASELINE="1310 1338 2303 1341" 
                    HPOS="1306"
                    VPOS="1271"
                    WIDTH="993"
                    HEIGHT="92">
            <Shape><Polygon POINTS="1309 1334 1306 1363 2295 1363 2299 1338 2295 1282 1309 1271 1309 1334"/></Shape>
	    <String CONTENT="blier, c&#39;est celui de prier pour eux"
                    HPOS="1306"
                    VPOS="1271"
                    WIDTH="993"
                    HEIGHT="92"></String>
          </TextLine>

          
          
          <TextLine ID="eSc_line_481a86b4"
                    TAGREFS="LT770"
                    BASELINE="1310 1407 2303 1407" 
                    HPOS="1309"
                    VPOS="1352"
                    WIDTH="990"
                    HEIGHT="92">
            <Shape><Polygon POINTS="1309 1404 1309 1444 2299 1444 2299 1404 2299 1356 1309 1352 1309 1404"/></Shape>
	    <String CONTENT="et avec eux, c&#39;est celui de dresser"
                    HPOS="1309"
                    VPOS="1352"
                    WIDTH="990"
                    HEIGHT="92"></String>
          </TextLine>

          
          
          <TextLine ID="eSc_line_e904df1e"
                    TAGREFS="LT770"
                    BASELINE="1310 1481 2303 1481" 
                    HPOS="1309"
                    VPOS="1422"
                    WIDTH="990"
                    HEIGHT="99">
            <Shape><Polygon POINTS="1309 1477 1309 1521 2299 1510 2299 1477 2299 1422 1309 1422 1309 1477"/></Shape>
	    <String CONTENT="en mémoire de leur glorieux holo¬"
                    HPOS="1309"
                    VPOS="1422"
                    WIDTH="990"
                    HEIGHT="99"></String>
          </TextLine>

          
          
          <TextLine ID="eSc_line_cd950cf8"
                    TAGREFS="LT770"
                    BASELINE="1310 1547 2295 1554" 
                    HPOS="1306"
                    VPOS="1488"
                    WIDTH="986"
                    HEIGHT="96">
            <Shape><Polygon POINTS="1309 1543 1306 1576 2284 1584 2292 1551 2284 1488 1309 1488 1309 1543"/></Shape>
	    <String CONTENT="causte, la Croix sacrée de la piété."
                    HPOS="1306"
                    VPOS="1488"
                    WIDTH="986"
                    HEIGHT="96"></String>
          </TextLine>

          
          
          <TextLine ID="eSc_line_19ff02d2"
                    TAGREFS="LT770"
                    BASELINE="1310 1621 2130 1624" 
                    HPOS="1306"
                    VPOS="1554"
                    WIDTH="820"
                    HEIGHT="96">
            <Shape><Polygon POINTS="1309 1617 1306 1639 2119 1650 2126 1621 2122 1565 1309 1554 1309 1617"/></Shape>
	    <String CONTENT="de l&#39;admiration et du respect."
                    HPOS="1306"
                    VPOS="1554"
                    WIDTH="820"
                    HEIGHT="96"></String>
          </TextLine>

          
          
          <TextLine ID="eSc_line_9df254ef"
                    TAGREFS="LT771"
                    BASELINE="1714 1749 2244 1749" 
                    HPOS="1710"
                    VPOS="1679"
                    WIDTH="534"
                    HEIGHT="100">
            <Shape><Polygon POINTS="1714 1749 1710 1683 2240 1679 2244 1749 2240 1779 1710 1775"/></Shape>
	    <String CONTENT="Paul Grazieni"
                    HPOS="1710"
                    VPOS="1679"
                    WIDTH="534"
                    HEIGHT="100"></String>
          </TextLine>

          
        </TextBlock>
        
        <TextBlock HPOS="429"
                   VPOS="2137"
                   WIDTH="1811"
                   HEIGHT="1792"
                   ID="eSc_textblock_1dc57550"
                   TAGREFS="BT1916">
          <Shape><Polygon POINTS="434 2137 429 3929 2240 3929 2240 2137"/></Shape>
          
          
          <TextLine ID="eSc_line_6cd46fe6"
                    TAGREFS="LT771"
                    BASELINE="618 2363 1946 2363" 
                    HPOS="614"
                    VPOS="2183"
                    WIDTH="1332"
                    HEIGHT="232">
            <Shape><Polygon POINTS="618 2363 618 2183 702 2187 706 2187 710 2187 802 2245 882 2245 945 2198 963 2183 967 2183 971 2183 974 2183 1195 2183 1199 2183 1203 2183 1203 2187 1228 2209 1254 2238 1302 2245 1490 2245 1512 2223 1552 2187 1552 2183 1556 2183 1559 2183 1563 2183 1666 2183 1670 2183 1673 2183 1743 2234 1747 2238 1946 2245 1946 2363 1946 2407 1868 2415 1865 2415 1861 2415 1857 2415 1850 2407 1821 2392 1699 2407 1633 2415 1629 2415 1626 2415 1604 2407 1548 2389 1298 2389 1272 2403 1258 2415 1254 2415 1250 2415 1247 2415 1133 2403 960 2389 853 2389 827 2403 816 2411 813 2411 809 2411 805 2411 614 2400"/></Shape>
	    <String CONTENT="In Paradisu"
                    HPOS="614"
                    VPOS="2183"
                    WIDTH="1332"
                    HEIGHT="232"></String>
          </TextLine>

          
          
          <TextLine ID="eSc_line_8c12121c"
                    TAGREFS="LT771"
                    BASELINE="1680 2612 1707 2612 1791 2616 2162 2612" 
                    HPOS="1673"
                    VPOS="2543"
                    WIDTH="486"
                    HEIGHT="155">
            <Shape><Polygon POINTS="1677 2609 1673 2543 2152 2551 2159 2609 2159 2690 1677 2698"/></Shape>
	    <String CONTENT="Pasquale de Paoli"
                    HPOS="1673"
                    VPOS="2543"
                    WIDTH="486"
                    HEIGHT="155"></String>
          </TextLine>

          
          
          <TextLine ID="eSc_line_7401830b"
                    TAGREFS="LT771"
                    BASELINE="1680 2660 1715 2660 1807 2662 1927 2666 2009 2658 2050 2658 2141 2654 2196 2651" 
                    HPOS="1670"
                    VPOS="2598"
                    WIDTH="522"
                    HEIGHT="103">
            <Shape><Polygon POINTS="1677 2657 1670 2606 2181 2598 2192 2650 2185 2687 1729 2683 1681 2701"/></Shape>
	    <String CONTENT="riceve u pueta corsu"
                    HPOS="1670"
                    VPOS="2598"
                    WIDTH="522"
                    HEIGHT="103"></String>
          </TextLine>

          
          
          <TextLine ID="eSc_line_7547acf9"
                    TAGREFS="LT770"
                    BASELINE="467 2841 1545 2830" 
                    HPOS="459"
                    VPOS="2731"
                    WIDTH="1086"
                    HEIGHT="136">
            <Shape><Polygon POINTS="467 2841 459 2738 735 2764 923 2742 945 2742 945 2742 949 2742 949 2742 974 2742 1111 2760 1136 2745 1166 2731 1166 2731 1166 2731 1169 2731 1169 2731 1169 2731 1173 2731 1537 2753 1545 2830 1541 2863 467 2867"/></Shape>
	    <String CONTENT="Entri, pueta di talentu e d’arte !"
                    HPOS="459"
                    VPOS="2731"
                    WIDTH="1086"
                    HEIGHT="136"></String>
          </TextLine>

          
          
          <TextLine ID="eSc_line_db6ca679"
                    TAGREFS="LT770"
                    BASELINE="467 2914 1508 2922" 
                    HPOS="459"
                    VPOS="2837"
                    WIDTH="1049"
                    HEIGHT="103">
            <Shape><Polygon POINTS="467 2914 463 2848 1501 2837 1508 2922 1501 2940 459 2929"/></Shape>
	    <String CONTENT="Bembinutu sii in stu rughione,"
                    HPOS="459"
                    VPOS="2837"
                    WIDTH="1049"
                    HEIGHT="103"></String>
          </TextLine>

          
          
          <TextLine ID="eSc_line_55528649"
                    TAGREFS="LT770"
                    BASELINE="467 2995 1615 3003" 
                    HPOS="459"
                    VPOS="2911"
                    WIDTH="1156"
                    HEIGHT="106">
            <Shape><Polygon POINTS="467 2995 467 2911 570 2929 1611 2922 1615 3003 1607 3017 459 3014"/></Shape>
	    <String CONTENT="Di u Paradisu, e porte ti so abarte"
                    HPOS="459"
                    VPOS="2911"
                    WIDTH="1156"
                    HEIGHT="106"></String>
          </TextLine>

          
          
          <TextLine ID="eSc_line_df11111b"
                    TAGREFS="LT770"
                    BASELINE="467 3084 1545 3084" 
                    HPOS="463"
                    VPOS="3006"
                    WIDTH="1082"
                    HEIGHT="100">
            <Shape><Polygon POINTS="467 3084 463 3014 1541 3006 1545 3084 1545 3102 467 3106"/></Shape>
	    <String CONTENT="Pa li to versi e pa le to canzone."
                    HPOS="463"
                    VPOS="3006"
                    WIDTH="1082"
                    HEIGHT="100"></String>
          </TextLine>

          
          
          <TextLine ID="eSc_line_2a8ea2dc"
                    TAGREFS="LT770"
                    BASELINE="470 3164 1662 3157" 
                    HPOS="467"
                    VPOS="3084"
                    WIDTH="1195"
                    HEIGHT="113">
            <Shape><Polygon POINTS="470 3164 467 3084 1655 3087 1662 3157 1662 3172 1063 3197 1059 3197 467 3179"/></Shape>
	    <String CONTENT="U cantu corsu, ognunu qui lu sente"
                    HPOS="467"
                    VPOS="3084"
                    WIDTH="1195"
                    HEIGHT="113"></String>
          </TextLine>

          
          
          <TextLine ID="eSc_line_041c3ef6"
                    TAGREFS="LT770"
                    BASELINE="467 3249 1559 3249" 
                    HPOS="467"
                    VPOS="3172"
                    WIDTH="1092"
                    HEIGHT="99">
            <Shape><Polygon POINTS="467 3249 467 3172 1559 3190 1559 3249 1559 3271 467 3271"/></Shape>
	    <String CONTENT="E lu ripete e po l’ampar&#39;a mente."
                    HPOS="467"
                    VPOS="3172"
                    WIDTH="1092"
                    HEIGHT="99"></String>
          </TextLine>

          
          
          <TextLine ID="eSc_line_adb169b0"
                    TAGREFS="LT770"
                    BASELINE="467 3477 1604 3469" 
                    HPOS="463"
                    VPOS="3389"
                    WIDTH="1141"
                    HEIGHT="114">
            <Shape><Polygon POINTS="467 3477 463 3389 1596 3400 1604 3469 1596 3503 463 3495"/></Shape>
	    <String CONTENT="Entri, chi qui t’aspettanu l’antichi,"
                    HPOS="463"
                    VPOS="3389"
                    WIDTH="1141"
                    HEIGHT="114"></String>
          </TextLine>

          
          
          <TextLine ID="eSc_line_f7380b44"
                    TAGREFS="LT770"
                    BASELINE="463 3554 1615 3554" 
                    HPOS="459"
                    VPOS="3481"
                    WIDTH="1156"
                    HEIGHT="102">
            <Shape><Polygon POINTS="463 3554 463 3481 1615 3484 1615 3554 1611 3583 459 3572"/></Shape>
	    <String CONTENT="In brama so di sent’una paghiella,"
                    HPOS="459"
                    VPOS="3481"
                    WIDTH="1156"
                    HEIGHT="102"></String>
          </TextLine>

          
          
          <TextLine ID="eSc_line_23a8fa23"
                    TAGREFS="LT770"
                    BASELINE="467 3635 1534 3635" 
                    HPOS="467"
                    VPOS="3554"
                    WIDTH="1067"
                    HEIGHT="103">
            <Shape><Polygon POINTS="467 3635 467 3554 1534 3554 1534 3635 1534 3657 467 3657"/></Shape>
	    <String CONTENT="Veni a bascià di Cirnea l’amichi"
                    HPOS="467"
                    VPOS="3554"
                    WIDTH="1067"
                    HEIGHT="103"></String>
          </TextLine>

          
          
          <TextLine ID="eSc_line_b86df242"
                    TAGREFS="LT770"
                    BASELINE="463 3723 1758 3716" 
                    HPOS="459"
                    VPOS="3642"
                    WIDTH="1299"
                    HEIGHT="107">
            <Shape><Polygon POINTS="463 3723 459 3642 1751 3646 1758 3716 1754 3738 463 3749"/></Shape>
	    <String CONTENT="E prestu intona e cant&#39;a « Cursichella »."
                    HPOS="459"
                    VPOS="3642"
                    WIDTH="1299"
                    HEIGHT="107"></String>
          </TextLine>

          
          
          <TextLine ID="eSc_line_91195904"
                    TAGREFS="LT770"
                    BASELINE="459 3804 1593 3793" 
                    HPOS="452"
                    VPOS="3723"
                    WIDTH="1141"
                    HEIGHT="96">
            <Shape><Polygon POINTS="459 3804 452 3723 1585 3723 1593 3793 1593 3808 459 3819"/></Shape>
	    <String CONTENT="Di nôvu, da Corsica, chi ci porti ?"
                    HPOS="452"
                    VPOS="3723"
                    WIDTH="1141"
                    HEIGHT="96"></String>
          </TextLine>

          
          
          <TextLine ID="eSc_line_f9b02477"
                    TAGREFS="LT770"
                    BASELINE="467 3881 1736 3881" 
                    HPOS="463"
                    VPOS="3808"
                    WIDTH="1273"
                    HEIGHT="106">
            <Shape><Polygon POINTS="467 3881 463 3811 1732 3808 1736 3881 1736 3911 467 3914"/></Shape>
	    <String CONTENT="Tempu ormai è di drittu o pur di torti ?"
                    HPOS="463"
                    VPOS="3808"
                    WIDTH="1273"
                    HEIGHT="106"></String>
          </TextLine>

          
        </TextBlock>
        

        
      </PrintSpace>
    </Page>
  </Layout>
</alto>
